{"timestamp_ns": 1754846220000000000, "symbol": "BIOUSDT", "type": "trade", "price": 0.1151, "volume": 227899.2, "side": "sell", "seq": 0}
{"timestamp_ns": 1754846220000999936, "symbol": "BIOUSDT", "type": "orderbook", "bids": [[0.11499999999999999, 100.0], [0.11489999999999999, 200.0]], "asks": [[0.1152, 100.0], [0.1153, 200.0]], "seq": 1000000}
{"timestamp_ns": 1754846280000000000, "symbol": "BIOUSDT", "type": "trade", "price": 0.1151, "volume": 53831.1, "side": "buy", "seq": 1}
{"timestamp_ns": 1754846340000000000, "symbol": "BIOUSDT", "type": "trade", "price": 0.1151, "volume": 63018.7, "side": "buy", "seq": 2}
{"timestamp_ns": 1754846400000000000, "symbol": "BIOUSDT", "type": "trade", "price": 0.1144, "volume": 408218.2, "side": "buy", "seq": 3}
{"timestamp_ns": 1754846460000000000, "symbol": "BIOUSDT", "type": "trade", "price": 0.1143, "volume": 273914.4, "side": "sell", "seq": 4}
{"timestamp_ns": 1754846520000000000, "symbol": "BIOUSDT", "type": "trade", "price": 0.1146, "volume": 165965.2, "side": "sell", "seq": 5}
{"timestamp_ns": 1754846580000000000, "symbol": "BIOUSDT", "type": "trade", "price": 0.1147, "volume": 58514.2, "side": "buy", "seq": 6}
{"timestamp_ns": 1754846640000000000, "symbol": "BIOUSDT", "type": "trade", "price": 0.1143, "volume": 94259.6, "side": "sell", "seq": 7}
{"timestamp_ns": 1754846700000000000, "symbol": "BIOUSDT", "type": "trade", "price": 0.1143, "volume": 152839.4, "side": "sell", "seq": 8}
{"timestamp_ns": 1754846760000000000, "symbol": "BIOUSDT", "type": "trade", "price": 0.1144, "volume": 118076.3, "side": "buy", "seq": 9}
{"timestamp_ns": 1754846820000000000, "symbol": "BIOUSDT", "type": "trade", "price": 0.1148, "volume": 112984.4, "side": "sell", "seq": 10}
{"timestamp_ns": 1754846820000999936, "symbol": "BIOUSDT", "type": "orderbook", "bids": [[0.1147, 100.0], [0.1146, 200.0]], "asks": [[0.1149, 100.0], [0.115, 200.0]], "seq": 1000010}
{"timestamp_ns": 1754846880000000000, "symbol": "BIOUSDT", "type": "trade", "price": 0.1143, "volume": 165107.4, "side": "sell", "seq": 11}
{"timestamp_ns": 1754846940000000000, "symbol": "BIOUSDT", "type": "trade", "price": 0.1148, "volume": 28260.1, "side": "buy", "seq": 12}
{"timestamp_ns": 1754847000000000000, "symbol": "BIOUSDT", "type": "trade", "price": 0.1142, "volume": 125445.9, "side": "buy", "seq": 13}
{"timestamp_ns": 1754847060000000000, "symbol": "BIOUSDT", "type": "trade", "price": 0.1153, "volume": 287703.2, "side": "sell", "seq": 14}
{"timestamp_ns": 1754847120000000000, "symbol": "BIOUSDT", "type": "trade", "price": 0.1153, "volume": 199171.8, "side": "buy", "seq": 15}
{"timestamp_ns": 1754847180000000000, "symbol": "BIOUSDT", "type": "trade", "price": 0.1155, "volume": 141465.3, "side": "sell", "seq": 16}
{"timestamp_ns": 1754847240000000000, "symbol": "BIOUSDT", "type": "trade", "price": 0.1158, "volume": 230519.4, "side": "sell", "seq": 17}
{"timestamp_ns": 1754847300000000000, "symbol": "BIOUSDT", "type": "trade", "price": 0.1152, "volume": 108797.7, "side": "sell", "seq": 18}
{"timestamp_ns": 1754847360000000000, "symbol": "BIOUSDT", "type": "trade", "price": 0.1151, "volume": 43511.3, "side": "sell", "seq": 19}
{"timestamp_ns": 1754847420000000000, "symbol": "BIOUSDT", "type": "trade", "price": 0.1153, "volume": 127520.5, "side": "sell", "seq": 20}
{"timestamp_ns": 1754847420000999936, "symbol": "BIOUSDT", "type": "orderbook", "bids": [[0.1152, 100.0], [0.1151, 200.0]], "asks": [[0.1154, 100.0], [0.1155, 200.0]], "seq": 1000020}
{"timestamp_ns": 1754847480000000000, "symbol": "BIOUSDT", "type": "trade", "price": 0.1155, "volume": 39820.2, "side": "buy", "seq": 21}
{"timestamp_ns": 1754847540000000000, "symbol": "BIOUSDT", "type": "trade", "price": 0.1151, "volume": 80625.3, "side": "buy", "seq": 22}
{"timestamp_ns": 1754847600000000000, "symbol": "BIOUSDT", "type": "trade", "price": 0.1153, "volume": 87741.4, "side": "buy", "seq": 23}
{"timestamp_ns": 1754847660000000000, "symbol": "BIOUSDT", "type": "trade", "price": 0.1153, "volume": 26209.1, "side": "buy", "seq": 24}
{"timestamp_ns": 1754847720000000000, "symbol": "BIOUSDT", "type": "trade", "price": 0.1154, "volume": 16612.7, "side": "buy", "seq": 25}
{"timestamp_ns": 1754847780000000000, "symbol": "BIOUSDT", "type": "trade", "price": 0.1153, "volume": 116814.4, "side": "buy", "seq": 26}
{"timestamp_ns": 1754847840000000000, "symbol": "BIOUSDT", "type": "trade", "price": 0.1146, "volume": 90467.7, "side": "buy", "seq": 27}
{"timestamp_ns": 1754847900000000000, "symbol": "BIOUSDT", "type": "trade", "price": 0.1146, "volume": 242727.6, "side": "sell", "seq": 28}
{"timestamp_ns": 1754847960000000000, "symbol": "BIOUSDT", "type": "trade", "price": 0.1148, "volume": 128608.7, "side": "sell", "seq": 29}
{"timestamp_ns": 1754848020000000000, "symbol": "BIOUSDT", "type": "trade", "price": 0.1149, "volume": 38886.5, "side": "sell", "seq": 30}
{"timestamp_ns": 1754848020000999936, "symbol": "BIOUSDT", "type": "orderbook", "bids": [[0.1148, 100.0], [0.1147, 200.0]], "asks": [[0.115, 100.0], [0.11510000000000001, 200.0]], "seq": 1000030}
{"timestamp_ns": 1754848080000000000, "symbol": "BIOUSDT", "type": "trade", "price": 0.1152, "volume": 191077.3, "side": "sell", "seq": 31}
{"timestamp_ns": 1754848140000000000, "symbol": "BIOUSDT", "type": "trade", "price": 0.115, "volume": 93099.4, "side": "sell", "seq": 32}
{"timestamp_ns": 1754848200000000000, "symbol": "BIOUSDT", "type": "trade", "price": 0.1151, "volume": 80692.0, "side": "sell", "seq": 33}
{"timestamp_ns": 1754848260000000000, "symbol": "BIOUSDT", "type": "trade", "price": 0.1147, "volume": 40717.7, "side": "sell", "seq": 34}
{"timestamp_ns": 1754848320000000000, "symbol": "BIOUSDT", "type": "trade", "price": 0.1152, "volume": 95009.8, "side": "buy", "seq": 35}
{"timestamp_ns": 1754848380000000000, "symbol": "BIOUSDT", "type": "trade", "price": 0.1153, "volume": 70413.9, "side": "sell", "seq": 36}
{"timestamp_ns": 1754848440000000000, "symbol": "BIOUSDT", "type": "trade", "price": 0.1152, "volume": 72813.2, "side": "buy", "seq": 37}
{"timestamp_ns": 1754848500000000000, "symbol": "BIOUSDT", "type": "trade", "price": 0.1154, "volume": 182568.8, "side": "buy", "seq": 38}
{"timestamp_ns": 1754848560000000000, "symbol": "BIOUSDT", "type": "trade", "price": 0.1151, "volume": 121676.4, "side": "sell", "seq": 39}
{"timestamp_ns": 1754848620000000000, "symbol": "BIOUSDT", "type": "trade", "price": 0.1154, "volume": 361474.1, "side": "buy", "seq": 40}
{"timestamp_ns": 1754848620000999936, "symbol": "BIOUSDT", "type": "orderbook", "bids": [[0.1153, 100.0], [0.1152, 200.0]], "asks": [[0.1155, 100.0], [0.11560000000000001, 200.0]], "seq": 1000040}
{"timestamp_ns": 1754848680000000000, "symbol": "BIOUSDT", "type": "trade", "price": 0.1154, "volume": 62658.1, "side": "sell", "seq": 41}
{"timestamp_ns": 1754848740000000000, "symbol": "BIOUSDT", "type": "trade", "price": 0.115, "volume": 1634225.2, "side": "buy", "seq": 42}
{"timestamp_ns": 1754848800000000000, "symbol": "BIOUSDT", "type": "trade", "price": 0.1145, "volume": 759000.9, "side": "sell", "seq": 43}
{"timestamp_ns": 1754848860000000000, "symbol": "BIOUSDT", "type": "trade", "price": 0.1148, "volume": 92802.7, "side": "buy", "seq": 44}
{"timestamp_ns": 1754848920000000000, "symbol": "BIOUSDT", "type": "trade", "price": 0.1145, "volume": 188485.6, "side": "sell", "seq": 45}
{"timestamp_ns": 1754848980000000000, "symbol": "BIOUSDT", "type": "trade", "price": 0.1142, "volume": 123020.3, "side": "sell", "seq": 46}
{"timestamp_ns": 1754849040000000000, "symbol": "BIOUSDT", "type": "trade", "price": 0.1143, "volume": 81175.4, "side": "sell", "seq": 47}
{"timestamp_ns": 1754849100000000000, "symbol": "BIOUSDT", "type": "trade", "price": 0.1138, "volume": 261262.5, "side": "buy", "seq": 48}
{"timestamp_ns": 1754849160000000000, "symbol": "BIOUSDT", "type": "trade", "price": 0.1134, "volume": 706245.9, "side": "sell", "seq": 49}
{"timestamp_ns": 1754849220000000000, "symbol": "BIOUSDT", "type": "trade", "price": 0.1135, "volume": 264516.1, "side": "sell", "seq": 50}
{"timestamp_ns": 1754849220000999936, "symbol": "BIOUSDT", "type": "orderbook", "bids": [[0.1134, 100.0], [0.1133, 200.0]], "asks": [[0.1136, 100.0], [0.11370000000000001, 200.0]], "seq": 1000050}
{"timestamp_ns": 1754849280000000000, "symbol": "BIOUSDT", "type": "trade", "price": 0.1137, "volume": 40253.8, "side": "sell", "seq": 51}
{"timestamp_ns": 1754849340000000000, "symbol": "BIOUSDT", "type": "trade", "price": 0.114, "volume": 221350.4, "side": "sell", "seq": 52}
{"timestamp_ns": 1754849400000000000, "symbol": "BIOUSDT", "type": "trade", "price": 0.1144, "volume": 300526.7, "side": "buy", "seq": 53}
{"timestamp_ns": 1754849460000000000, "symbol": "BIOUSDT", "type": "trade", "price": 0.1155, "volume": 351464.9, "side": "buy", "seq": 54}
{"timestamp_ns": 1754849520000000000, "symbol": "BIOUSDT", "type": "trade", "price": 0.1159, "volume": 386460.1, "side": "buy", "seq": 55}
{"timestamp_ns": 1754849580000000000, "symbol": "BIOUSDT", "type": "trade", "price": 0.116, "volume": 220637.3, "side": "buy", "seq": 56}
{"timestamp_ns": 1754849640000000000, "symbol": "BIOUSDT", "type": "trade", "price": 0.1159, "volume": 338605.4, "side": "sell", "seq": 57}
{"timestamp_ns": 1754849700000000000, "symbol": "BIOUSDT", "type": "trade", "price": 0.1156, "volume": 102786.4, "side": "buy", "seq": 58}
{"timestamp_ns": 1754849760000000000, "symbol": "BIOUSDT", "type": "trade", "price": 0.1153, "volume": 1318191.9, "side": "buy", "seq": 59}
{"timestamp_ns": 1754849820000000000, "symbol": "BIOUSDT", "type": "trade", "price": 0.1149, "volume": 97309.1, "side": "buy", "seq": 60}
{"timestamp_ns": 1754849820000999936, "symbol": "BIOUSDT", "type": "orderbook", "bids": [[0.1148, 100.0], [0.1147, 200.0]], "asks": [[0.115, 100.0], [0.11510000000000001, 200.0]], "seq": 1000060}
{"timestamp_ns": 1754849880000000000, "symbol": "BIOUSDT", "type": "trade", "price": 0.1152, "volume": 37191.9, "side": "buy", "seq": 61}
{"timestamp_ns": 1754849940000000000, "symbol": "BIOUSDT", "type": "trade", "price": 0.1149, "volume": 99747.8, "side": "buy", "seq": 62}
{"timestamp_ns": 1754850000000000000, "symbol": "BIOUSDT", "type": "trade", "price": 0.1146, "volume": 285161.2, "side": "buy", "seq": 63}
{"timestamp_ns": 1754850060000000000, "symbol": "BIOUSDT", "type": "trade", "price": 0.1143, "volume": 97042.9, "side": "buy", "seq": 64}
{"timestamp_ns": 1754850120000000000, "symbol": "BIOUSDT", "type": "trade", "price": 0.1148, "volume": 192148.6, "side": "sell", "seq": 65}
{"timestamp_ns": 1754850180000000000, "symbol": "BIOUSDT", "type": "trade", "price": 0.1147, "volume": 112905.8, "side": "sell", "seq": 66}
{"timestamp_ns": 1754850240000000000, "symbol": "BIOUSDT", "type": "trade", "price": 0.115, "volume": 120801.7, "side": "buy", "seq": 67}
{"timestamp_ns": 1754850300000000000, "symbol": "BIOUSDT", "type": "trade", "price": 0.1147, "volume": 155022.6, "side": "sell", "seq": 68}
{"timestamp_ns": 1754850360000000000, "symbol": "BIOUSDT", "type": "trade", "price": 0.1148, "volume": 110354.1, "side": "sell", "seq": 69}
{"timestamp_ns": 1754850420000000000, "symbol": "BIOUSDT", "type": "trade", "price": 0.1146, "volume": 148207.5, "side": "buy", "seq": 70}
{"timestamp_ns": 1754850420000999936, "symbol": "BIOUSDT", "type": "orderbook", "bids": [[0.11449999999999999, 100.0], [0.11439999999999999, 200.0]], "asks": [[0.1147, 100.0], [0.1148, 200.0]], "seq": 1000070}
{"timestamp_ns": 1754850480000000000, "symbol": "BIOUSDT", "type": "trade", "price": 0.1149, "volume": 68471.9, "side": "buy", "seq": 71}
{"timestamp_ns": 1754850540000000000, "symbol": "BIOUSDT", "type": "trade", "price": 0.1148, "volume": 53312.3, "side": "buy", "seq": 72}
{"timestamp_ns": 1754850600000000000, "symbol": "BIOUSDT", "type": "trade", "price": 0.1144, "volume": 62889.4, "side": "buy", "seq": 73}
{"timestamp_ns": 1754850660000000000, "symbol": "BIOUSDT", "type": "trade", "price": 0.1143, "volume": 236744.2, "side": "buy", "seq": 74}
{"timestamp_ns": 1754850720000000000, "symbol": "BIOUSDT", "type": "trade", "price": 0.1145, "volume": 80037.0, "side": "buy", "seq": 75}
{"timestamp_ns": 1754850780000000000, "symbol": "BIOUSDT", "type": "trade", "price": 0.1147, "volume": 67307.4, "side": "buy", "seq": 76}
{"timestamp_ns": 1754850840000000000, "symbol": "BIOUSDT", "type": "trade", "price": 0.1149, "volume": 52228.5, "side": "sell", "seq": 77}
{"timestamp_ns": 1754850900000000000, "symbol": "BIOUSDT", "type": "trade", "price": 0.1146, "volume": 78938.5, "side": "buy", "seq": 78}
{"timestamp_ns": 1754850960000000000, "symbol": "BIOUSDT", "type": "trade", "price": 0.1141, "volume": 51201.0, "side": "buy", "seq": 79}
{"timestamp_ns": 1754851020000000000, "symbol": "BIOUSDT", "type": "trade", "price": 0.1137, "volume": 137132.3, "side": "buy", "seq": 80}
{"timestamp_ns": 1754851020000999936, "symbol": "BIOUSDT", "type": "orderbook", "bids": [[0.11359999999999999, 100.0], [0.11349999999999999, 200.0]], "asks": [[0.1138, 100.0], [0.1139, 200.0]], "seq": 1000080}
{"timestamp_ns": 1754851080000000000, "symbol": "BIOUSDT", "type": "trade", "price": 0.1141, "volume": 70137.9, "side": "sell", "seq": 81}
{"timestamp_ns": 1754851140000000000, "symbol": "BIOUSDT", "type": "trade", "price": 0.1145, "volume": 20831.8, "side": "sell", "seq": 82}
{"timestamp_ns": 1754851200000000000, "symbol": "BIOUSDT", "type": "trade", "price": 0.1147, "volume": 76340.7, "side": "sell", "seq": 83}
{"timestamp_ns": 1754851260000000000, "symbol": "BIOUSDT", "type": "trade", "price": 0.1148, "volume": 48560.3, "side": "buy", "seq": 84}
{"timestamp_ns": 1754851320000000000, "symbol": "BIOUSDT", "type": "trade", "price": 0.1148, "volume": 15839.4, "side": "sell", "seq": 85}
{"timestamp_ns": 1754851380000000000, "symbol": "BIOUSDT", "type": "trade", "price": 0.1148, "volume": 120882.6, "side": "sell", "seq": 86}
{"timestamp_ns": 1754851440000000000, "symbol": "BIOUSDT", "type": "trade", "price": 0.1147, "volume": 76512.2, "side": "sell", "seq": 87}
{"timestamp_ns": 1754851500000000000, "symbol": "BIOUSDT", "type": "trade", "price": 0.1144, "volume": 87571.3, "side": "buy", "seq": 88}
{"timestamp_ns": 1754851560000000000, "symbol": "BIOUSDT", "type": "trade", "price": 0.1146, "volume": 28919.3, "side": "sell", "seq": 89}
{"timestamp_ns": 1754851620000000000, "symbol": "BIOUSDT", "type": "trade", "price": 0.1145, "volume": 54621.9, "side": "buy", "seq": 90}
{"timestamp_ns": 1754851620000999936, "symbol": "BIOUSDT", "type": "orderbook", "bids": [[0.1144, 100.0], [0.1143, 200.0]], "asks": [[0.11460000000000001, 100.0], [0.11470000000000001, 200.0]], "seq": 1000090}
{"timestamp_ns": 1754851680000000000, "symbol": "BIOUSDT", "type": "trade", "price": 0.1148, "volume": 104011.6, "side": "buy", "seq": 91}
{"timestamp_ns": 1754851740000000000, "symbol": "BIOUSDT", "type": "trade", "price": 0.1146, "volume": 38920.5, "side": "buy", "seq": 92}
{"timestamp_ns": 1754851800000000000, "symbol": "BIOUSDT", "type": "trade", "price": 0.1146, "volume": 38358.3, "side": "sell", "seq": 93}
{"timestamp_ns": 1754851860000000000, "symbol": "BIOUSDT", "type": "trade", "price": 0.1143, "volume": 38507.9, "side": "buy", "seq": 94}
{"timestamp_ns": 1754851920000000000, "symbol": "BIOUSDT", "type": "trade", "price": 0.1144, "volume": 72587.5, "side": "sell", "seq": 95}
{"timestamp_ns": 1754851980000000000, "symbol": "BIOUSDT", "type": "trade", "price": 0.1145, "volume": 15457.0, "side": "sell", "seq": 96}
{"timestamp_ns": 1754852040000000000, "symbol": "BIOUSDT", "type": "trade", "price": 0.1147, "volume": 98093.2, "side": "sell", "seq": 97}
{"timestamp_ns": 1754852100000000000, "symbol": "BIOUSDT", "type": "trade", "price": 0.1144, "volume": 105201.9, "side": "sell", "seq": 98}
{"timestamp_ns": 1754852160000000000, "symbol": "BIOUSDT", "type": "trade", "price": 0.1146, "volume": 18088.3, "side": "buy", "seq": 99}
{"timestamp_ns": 1754852220000000000, "symbol": "BIOUSDT", "type": "trade", "price": 0.1148, "volume": 4910.8, "side": "sell", "seq": 100}
{"timestamp_ns": 1754852220000999936, "symbol": "BIOUSDT", "type": "orderbook", "bids": [[0.1147, 100.0], [0.1146, 200.0]], "asks": [[0.1149, 100.0], [0.115, 200.0]], "seq": 1000100}
{"timestamp_ns": 1754852280000000000, "symbol": "BIOUSDT", "type": "trade", "price": 0.1149, "volume": 117889.2, "side": "buy", "seq": 101}
{"timestamp_ns": 1754852340000000000, "symbol": "BIOUSDT", "type": "trade", "price": 0.1149, "volume": 131806.4, "side": "sell", "seq": 102}
{"timestamp_ns": 1754852400000000000, "symbol": "BIOUSDT", "type": "trade", "price": 0.1145, "volume": 86310.7, "side": "sell", "seq": 103}
{"timestamp_ns": 1754852460000000000, "symbol": "BIOUSDT", "type": "trade", "price": 0.1146, "volume": 25968.0, "side": "sell", "seq": 104}
{"timestamp_ns": 1754852520000000000, "symbol": "BIOUSDT", "type": "trade", "price": 0.1156, "volume": 856853.2, "side": "sell", "seq": 105}
{"timestamp_ns": 1754852580000000000, "symbol": "BIOUSDT", "type": "trade", "price": 0.1156, "volume": 268300.5, "side": "sell", "seq": 106}
{"timestamp_ns": 1754852640000000000, "symbol": "BIOUSDT", "type": "trade", "price": 0.1159, "volume": 447300.4, "side": "sell", "seq": 107}
{"timestamp_ns": 1754852700000000000, "symbol": "BIOUSDT", "type": "trade", "price": 0.1162, "volume": 259273.0, "side": "sell", "seq": 108}
{"timestamp_ns": 1754852760000000000, "symbol": "BIOUSDT", "type": "trade", "price": 0.117, "volume": 763252.5, "side": "sell", "seq": 109}
{"timestamp_ns": 1754852820000000000, "symbol": "BIOUSDT", "type": "trade", "price": 0.1173, "volume": 346787.8, "side": "buy", "seq": 110}
{"timestamp_ns": 1754852820000999936, "symbol": "BIOUSDT", "type": "orderbook", "bids": [[0.1172, 100.0], [0.1171, 200.0]], "asks": [[0.1174, 100.0], [0.11750000000000001, 200.0]], "seq": 1000110}
{"timestamp_ns": 1754852880000000000, "symbol": "BIOUSDT", "type": "trade", "price": 0.1174, "volume": 519633.0, "side": "sell", "seq": 111}
{"timestamp_ns": 1754852940000000000, "symbol": "BIOUSDT", "type": "trade", "price": 0.1172, "volume": 272537.1, "side": "sell", "seq": 112}
{"timestamp_ns": 1754853000000000000, "symbol": "BIOUSDT", "type": "trade", "price": 0.1172, "volume": 261479.0, "side": "sell", "seq": 113}
{"timestamp_ns": 1754853060000000000, "symbol": "BIOUSDT", "type": "trade", "price": 0.117, "volume": 135577.1, "side": "sell", "seq": 114}
{"timestamp_ns": 1754853120000000000, "symbol": "BIOUSDT", "type": "trade", "price": 0.1172, "volume": 111990.3, "side": "buy", "seq": 115}
{"timestamp_ns": 1754853180000000000, "symbol": "BIOUSDT", "type": "trade", "price": 0.1173, "volume": 81270.7, "side": "sell", "seq": 116}
{"timestamp_ns": 1754853240000000000, "symbol": "BIOUSDT", "type": "trade", "price": 0.1172, "volume": 57383.8, "side": "sell", "seq": 117}
{"timestamp_ns": 1754853300000000000, "symbol": "BIOUSDT", "type": "trade", "price": 0.117, "volume": 114124.9, "side": "buy", "seq": 118}
{"timestamp_ns": 1754853360000000000, "symbol": "BIOUSDT", "type": "trade", "price": 0.1176, "volume": 84034.1, "side": "sell", "seq": 119}
{"timestamp_ns": 1754853420000000000, "symbol": "BIOUSDT", "type": "trade", "price": 0.1183, "volume": 332799.2, "side": "sell", "seq": 120}
{"timestamp_ns": 1754853420000999936, "symbol": "BIOUSDT", "type": "orderbook", "bids": [[0.1182, 100.0], [0.1181, 200.0]], "asks": [[0.1184, 100.0], [0.11850000000000001, 200.0]], "seq": 1000120}
{"timestamp_ns": 1754853480000000000, "symbol": "BIOUSDT", "type": "trade", "price": 0.1187, "volume": 762371.3, "side": "buy", "seq": 121}
{"timestamp_ns": 1754853540000000000, "symbol": "BIOUSDT", "type": "trade", "price": 0.1183, "volume": 1405378.4, "side": "sell", "seq": 122}
{"timestamp_ns": 1754853600000000000, "symbol": "BIOUSDT", "type": "trade", "price": 0.1175, "volume": 999215.6, "side": "sell", "seq": 123}
{"timestamp_ns": 1754853660000000000, "symbol": "BIOUSDT", "type": "trade", "price": 0.1176, "volume": 367582.2, "side": "sell", "seq": 124}
{"timestamp_ns": 1754853720000000000, "symbol": "BIOUSDT", "type": "trade", "price": 0.1175, "volume": 770845.6, "side": "sell", "seq": 125}
{"timestamp_ns": 1754853780000000000, "symbol": "BIOUSDT", "type": "trade", "price": 0.1175, "volume": 218539.5, "side": "buy", "seq": 126}
{"timestamp_ns": 1754853840000000000, "symbol": "BIOUSDT", "type": "trade", "price": 0.1177, "volume": 137387.3, "side": "buy", "seq": 127}
{"timestamp_ns": 1754853900000000000, "symbol": "BIOUSDT", "type": "trade", "price": 0.1175, "volume": 48511.5, "side": "sell", "seq": 128}
{"timestamp_ns": 1754853960000000000, "symbol": "BIOUSDT", "type": "trade", "price": 0.1178, "volume": 96356.0, "side": "sell", "seq": 129}
{"timestamp_ns": 1754854020000000000, "symbol": "BIOUSDT", "type": "trade", "price": 0.1172, "volume": 169425.9, "side": "sell", "seq": 130}
{"timestamp_ns": 1754854020000999936, "symbol": "BIOUSDT", "type": "orderbook", "bids": [[0.1171, 100.0], [0.11699999999999999, 200.0]], "asks": [[0.1173, 100.0], [0.1174, 200.0]], "seq": 1000130}
{"timestamp_ns": 1754854080000000000, "symbol": "BIOUSDT", "type": "trade", "price": 0.1176, "volume": 188970.9, "side": "buy", "seq": 131}
{"timestamp_ns": 1754854140000000000, "symbol": "BIOUSDT", "type": "trade", "price": 0.1172, "volume": 266441.5, "side": "buy", "seq": 132}
{"timestamp_ns": 1754854200000000000, "symbol": "BIOUSDT", "type": "trade", "price": 0.117, "volume": 188274.7, "side": "buy", "seq": 133}
{"timestamp_ns": 1754854260000000000, "symbol": "BIOUSDT", "type": "trade", "price": 0.1177, "volume": 227254.4, "side": "buy", "seq": 134}
{"timestamp_ns": 1754854320000000000, "symbol": "BIOUSDT", "type": "trade", "price": 0.1177, "volume": 76232.7, "side": "sell", "seq": 135}
{"timestamp_ns": 1754854380000000000, "symbol": "BIOUSDT", "type": "trade", "price": 0.1179, "volume": 103287.0, "side": "buy", "seq": 136}
{"timestamp_ns": 1754854440000000000, "symbol": "BIOUSDT", "type": "trade", "price": 0.1182, "volume": 69159.9, "side": "sell", "seq": 137}
{"timestamp_ns": 1754854500000000000, "symbol": "BIOUSDT", "type": "trade", "price": 0.1174, "volume": 168338.2, "side": "sell", "seq": 138}
{"timestamp_ns": 1754854560000000000, "symbol": "BIOUSDT", "type": "trade", "price": 0.1173, "volume": 91238.7, "side": "sell", "seq": 139}
{"timestamp_ns": 1754854620000000000, "symbol": "BIOUSDT", "type": "trade", "price": 0.1171, "volume": 394759.2, "side": "sell", "seq": 140}
{"timestamp_ns": 1754854620000999936, "symbol": "BIOUSDT", "type": "orderbook", "bids": [[0.11699999999999999, 100.0], [0.11689999999999999, 200.0]], "asks": [[0.1172, 100.0], [0.1173, 200.0]], "seq": 1000140}
{"timestamp_ns": 1754854680000000000, "symbol": "BIOUSDT", "type": "trade", "price": 0.1176, "volume": 102532.3, "side": "buy", "seq": 141}
{"timestamp_ns": 1754854740000000000, "symbol": "BIOUSDT", "type": "trade", "price": 0.1174, "volume": 225870.8, "side": "sell", "seq": 142}
{"timestamp_ns": 1754854800000000000, "symbol": "BIOUSDT", "type": "trade", "price": 0.1172, "volume": 109333.2, "side": "buy", "seq": 143}
{"timestamp_ns": 1754854860000000000, "symbol": "BIOUSDT", "type": "trade", "price": 0.1174, "volume": 113578.4, "side": "buy", "seq": 144}
{"timestamp_ns": 1754854920000000000, "symbol": "BIOUSDT", "type": "trade", "price": 0.1174, "volume": 56415.5, "side": "sell", "seq": 145}
{"timestamp_ns": 1754854980000000000, "symbol": "BIOUSDT", "type": "trade", "price": 0.1173, "volume": 79185.3, "side": "buy", "seq": 146}
{"timestamp_ns": 1754855040000000000, "symbol": "BIOUSDT", "type": "trade", "price": 0.1169, "volume": 165526.6, "side": "buy", "seq": 147}
{"timestamp_ns": 1754855100000000000, "symbol": "BIOUSDT", "type": "trade", "price": 0.1171, "volume": 55321.4, "side": "buy", "seq": 148}
{"timestamp_ns": 1754855160000000000, "symbol": "BIOUSDT", "type": "trade", "price": 0.117, "volume": 73143.0, "side": "sell", "seq": 149}
{"timestamp_ns": 1754855220000000000, "symbol": "BIOUSDT", "type": "trade", "price": 0.1172, "volume": 52198.3, "side": "buy", "seq": 150}
{"timestamp_ns": 1754855220000999936, "symbol": "BIOUSDT", "type": "orderbook", "bids": [[0.1171, 100.0], [0.11699999999999999, 200.0]], "asks": [[0.1173, 100.0], [0.1174, 200.0]], "seq": 1000150}
{"timestamp_ns": 1754855280000000000, "symbol": "BIOUSDT", "type": "trade", "price": 0.1173, "volume": 62732.8, "side": "sell", "seq": 151}
{"timestamp_ns": 1754855340000000000, "symbol": "BIOUSDT", "type": "trade", "price": 0.1171, "volume": 98220.3, "side": "buy", "seq": 152}
{"timestamp_ns": 1754855400000000000, "symbol": "BIOUSDT", "type": "trade", "price": 0.1168, "volume": 65191.1, "side": "sell", "seq": 153}
{"timestamp_ns": 1754855460000000000, "symbol": "BIOUSDT", "type": "trade", "price": 0.1169, "volume": 263615.0, "side": "buy", "seq": 154}
{"timestamp_ns": 1754855520000000000, "symbol": "BIOUSDT", "type": "trade", "price": 0.1167, "volume": 184159.4, "side": "sell", "seq": 155}
{"timestamp_ns": 1754855580000000000, "symbol": "BIOUSDT", "type": "trade", "price": 0.1164, "volume": 113153.6, "side": "sell", "seq": 156}
{"timestamp_ns": 1754855640000000000, "symbol": "BIOUSDT", "type": "trade", "price": 0.1162, "volume": 45520.5, "side": "buy", "seq": 157}
{"timestamp_ns": 1754855700000000000, "symbol": "BIOUSDT", "type": "trade", "price": 0.1162, "volume": 123300.1, "side": "sell", "seq": 158}
{"timestamp_ns": 1754855760000000000, "symbol": "BIOUSDT", "type": "trade", "price": 0.1159, "volume": 174011.0, "side": "sell", "seq": 159}
{"timestamp_ns": 1754855820000000000, "symbol": "BIOUSDT", "type": "trade", "price": 0.1158, "volume": 69539.6, "side": "sell", "seq": 160}
{"timestamp_ns": 1754855820000999936, "symbol": "BIOUSDT", "type": "orderbook", "bids": [[0.1157, 100.0], [0.1156, 200.0]], "asks": [[0.1159, 100.0], [0.116, 200.0]], "seq": 1000160}
{"timestamp_ns": 1754855880000000000, "symbol": "BIOUSDT", "type": "trade", "price": 0.1158, "volume": 18538.6, "side": "sell", "seq": 161}
{"timestamp_ns": 1754855940000000000, "symbol": "BIOUSDT", "type": "trade", "price": 0.1159, "volume": 152302.6, "side": "buy", "seq": 162}
{"timestamp_ns": 1754856000000000000, "symbol": "BIOUSDT", "type": "trade", "price": 0.1149, "volume": 280500.5, "side": "buy", "seq": 163}
{"timestamp_ns": 1754856060000000000, "symbol": "BIOUSDT", "type": "trade", "price": 0.115, "volume": 198677.6, "side": "buy", "seq": 164}
{"timestamp_ns": 1754856120000000000, "symbol": "BIOUSDT", "type": "trade", "price": 0.1152, "volume": 149447.5, "side": "sell", "seq": 165}
{"timestamp_ns": 1754856180000000000, "symbol": "BIOUSDT", "type": "trade", "price": 0.1151, "volume": 76632.0, "side": "buy", "seq": 166}
{"timestamp_ns": 1754856240000000000, "symbol": "BIOUSDT", "type": "trade", "price": 0.1152, "volume": 130499.0, "side": "sell", "seq": 167}
{"timestamp_ns": 1754856300000000000, "symbol": "BIOUSDT", "type": "trade", "price": 0.1151, "volume": 119282.4, "side": "sell", "seq": 168}
{"timestamp_ns": 1754856360000000000, "symbol": "BIOUSDT", "type": "trade", "price": 0.1151, "volume": 19477.7, "side": "buy", "seq": 169}
{"timestamp_ns": 1754856420000000000, "symbol": "BIOUSDT", "type": "trade", "price": 0.1152, "volume": 62673.9, "side": "buy", "seq": 170}
{"timestamp_ns": 1754856420000999936, "symbol": "BIOUSDT", "type": "orderbook", "bids": [[0.1151, 100.0], [0.11499999999999999, 200.0]], "asks": [[0.1153, 100.0], [0.1154, 200.0]], "seq": 1000170}
{"timestamp_ns": 1754856480000000000, "symbol": "BIOUSDT", "type": "trade", "price": 0.1152, "volume": 57192.3, "side": "sell", "seq": 171}
{"timestamp_ns": 1754856540000000000, "symbol": "BIOUSDT", "type": "trade", "price": 0.1153, "volume": 117552.6, "side": "buy", "seq": 172}
{"timestamp_ns": 1754856600000000000, "symbol": "BIOUSDT", "type": "trade", "price": 0.1162, "volume": 135223.1, "side": "buy", "seq": 173}
{"timestamp_ns": 1754856660000000000, "symbol": "BIOUSDT", "type": "trade", "price": 0.1159, "volume": 177387.1, "side": "sell", "seq": 174}
{"timestamp_ns": 1754856720000000000, "symbol": "BIOUSDT", "type": "trade", "price": 0.1156, "volume": 164664.8, "side": "buy", "seq": 175}
{"timestamp_ns": 1754856780000000000, "symbol": "BIOUSDT", "type": "trade", "price": 0.1156, "volume": 88664.9, "side": "buy", "seq": 176}
{"timestamp_ns": 1754856840000000000, "symbol": "BIOUSDT", "type": "trade", "price": 0.1154, "volume": 13276.3, "side": "sell", "seq": 177}
{"timestamp_ns": 1754856900000000000, "symbol": "BIOUSDT", "type": "trade", "price": 0.1154, "volume": 54697.9, "side": "buy", "seq": 178}
{"timestamp_ns": 1754856960000000000, "symbol": "BIOUSDT", "type": "trade", "price": 0.1153, "volume": 68878.1, "side": "sell", "seq": 179}
{"timestamp_ns": 1754857020000000000, "symbol": "BIOUSDT", "type": "trade", "price": 0.1151, "volume": 51306.7, "side": "buy", "seq": 180}
{"timestamp_ns": 1754857020000999936, "symbol": "BIOUSDT", "type": "orderbook", "bids": [[0.11499999999999999, 100.0], [0.11489999999999999, 200.0]], "asks": [[0.1152, 100.0], [0.1153, 200.0]], "seq": 1000180}
{"timestamp_ns": 1754857080000000000, "symbol": "BIOUSDT", "type": "trade", "price": 0.115, "volume": 391218.9, "side": "sell", "seq": 181}
{"timestamp_ns": 1754857140000000000, "symbol": "BIOUSDT", "type": "trade", "price": 0.1152, "volume": 47366.3, "side": "buy", "seq": 182}
{"timestamp_ns": 1754857200000000000, "symbol": "BIOUSDT", "type": "trade", "price": 0.1145, "volume": 218685.4, "side": "sell", "seq": 183}
{"timestamp_ns": 1754857260000000000, "symbol": "BIOUSDT", "type": "trade", "price": 0.1147, "volume": 45110.7, "side": "buy", "seq": 184}
{"timestamp_ns": 1754857320000000000, "symbol": "BIOUSDT", "type": "trade", "price": 0.1148, "volume": 50928.1, "side": "sell", "seq": 185}
{"timestamp_ns": 1754857380000000000, "symbol": "BIOUSDT", "type": "trade", "price": 0.1144, "volume": 27090.6, "side": "sell", "seq": 186}
{"timestamp_ns": 1754857440000000000, "symbol": "BIOUSDT", "type": "trade", "price": 0.1147, "volume": 23416.9, "side": "sell", "seq": 187}
{"timestamp_ns": 1754857500000000000, "symbol": "BIOUSDT", "type": "trade", "price": 0.115, "volume": 69322.9, "side": "sell", "seq": 188}
{"timestamp_ns": 1754857560000000000, "symbol": "BIOUSDT", "type": "trade", "price": 0.1152, "volume": 130735.5, "side": "sell", "seq": 189}
{"timestamp_ns": 1754857620000000000, "symbol": "BIOUSDT", "type": "trade", "price": 0.1153, "volume": 13412.3, "side": "buy", "seq": 190}
{"timestamp_ns": 1754857620000999936, "symbol": "BIOUSDT", "type": "orderbook", "bids": [[0.1152, 100.0], [0.1151, 200.0]], "asks": [[0.1154, 100.0], [0.1155, 200.0]], "seq": 1000190}
{"timestamp_ns": 1754857680000000000, "symbol": "BIOUSDT", "type": "trade", "price": 0.1152, "volume": 70558.6, "side": "buy", "seq": 191}
{"timestamp_ns": 1754857740000000000, "symbol": "BIOUSDT", "type": "trade", "price": 0.1153, "volume": 87310.6, "side": "buy", "seq": 192}
{"timestamp_ns": 1754857800000000000, "symbol": "BIOUSDT", "type": "trade", "price": 0.1152, "volume": 100435.9, "side": "buy", "seq": 193}
{"timestamp_ns": 1754857860000000000, "symbol": "BIOUSDT", "type": "trade", "price": 0.1157, "volume": 17373.4, "side": "buy", "seq": 194}
{"timestamp_ns": 1754857920000000000, "symbol": "BIOUSDT", "type": "trade", "price": 0.1159, "volume": 120771.1, "side": "buy", "seq": 195}
{"timestamp_ns": 1754857980000000000, "symbol": "BIOUSDT", "type": "trade", "price": 0.1158, "volume": 216710.3, "side": "buy", "seq": 196}
{"timestamp_ns": 1754858040000000000, "symbol": "BIOUSDT", "type": "trade", "price": 0.1155, "volume": 115267.6, "side": "buy", "seq": 197}
{"timestamp_ns": 1754858100000000000, "symbol": "BIOUSDT", "type": "trade", "price": 0.1156, "volume": 35375.5, "side": "sell", "seq": 198}
{"timestamp_ns": 1754858160000000000, "symbol": "BIOUSDT", "type": "trade", "price": 0.1154, "volume": 55902.3, "side": "buy", "seq": 199}
{"timestamp_ns": 1754858220000000000, "symbol": "BIOUSDT", "type": "trade", "price": 0.1154, "volume": 120083.2, "side": "sell", "seq": 200}
{"timestamp_ns": 1754858220000999936, "symbol": "BIOUSDT", "type": "orderbook", "bids": [[0.1153, 100.0], [0.1152, 200.0]], "asks": [[0.1155, 100.0], [0.11560000000000001, 200.0]], "seq": 1000200}
{"timestamp_ns": 1754858280000000000, "symbol": "BIOUSDT", "type": "trade", "price": 0.1154, "volume": 16042.9, "side": "sell", "seq": 201}
{"timestamp_ns": 1754858340000000000, "symbol": "BIOUSDT", "type": "trade", "price": 0.1154, "volume": 64839.1, "side": "sell", "seq": 202}
{"timestamp_ns": 1754858400000000000, "symbol": "BIOUSDT", "type": "trade", "price": 0.1153, "volume": 47265.0, "side": "sell", "seq": 203}
{"timestamp_ns": 1754858460000000000, "symbol": "BIOUSDT", "type": "trade", "price": 0.1154, "volume": 33476.3, "side": "sell", "seq": 204}
{"timestamp_ns": 1754858520000000000, "symbol": "BIOUSDT", "type": "trade", "price": 0.1152, "volume": 44975.1, "side": "buy", "seq": 205}
{"timestamp_ns": 1754858580000000000, "symbol": "BIOUSDT", "type": "trade", "price": 0.1155, "volume": 62936.0, "side": "buy", "seq": 206}
{"timestamp_ns": 1754858640000000000, "symbol": "BIOUSDT", "type": "trade", "price": 0.1155, "volume": 36814.0, "side": "sell", "seq": 207}
{"timestamp_ns": 1754858700000000000, "symbol": "BIOUSDT", "type": "trade", "price": 0.1155, "volume": 27332.7, "side": "sell", "seq": 208}
{"timestamp_ns": 1754858760000000000, "symbol": "BIOUSDT", "type": "trade", "price": 0.1152, "volume": 50285.5, "side": "buy", "seq": 209}
{"timestamp_ns": 1754858820000000000, "symbol": "BIOUSDT", "type": "trade", "price": 0.1149, "volume": 68993.0, "side": "buy", "seq": 210}
{"timestamp_ns": 1754858820000999936, "symbol": "BIOUSDT", "type": "orderbook", "bids": [[0.1148, 100.0], [0.1147, 200.0]], "asks": [[0.115, 100.0], [0.11510000000000001, 200.0]], "seq": 1000210}
{"timestamp_ns": 1754858880000000000, "symbol": "BIOUSDT", "type": "trade", "price": 0.1147, "volume": 79039.5, "side": "sell", "seq": 211}
{"timestamp_ns": 1754858940000000000, "symbol": "BIOUSDT", "type": "trade", "price": 0.1145, "volume": 7165.5, "side": "buy", "seq": 212}
{"timestamp_ns": 1754859000000000000, "symbol": "BIOUSDT", "type": "trade", "price": 0.1145, "volume": 38641.1, "side": "buy", "seq": 213}
{"timestamp_ns": 1754859060000000000, "symbol": "BIOUSDT", "type": "trade", "price": 0.1148, "volume": 169620.9, "side": "buy", "seq": 214}
{"timestamp_ns": 1754859120000000000, "symbol": "BIOUSDT", "type": "trade", "price": 0.1147, "volume": 61647.0, "side": "sell", "seq": 215}
{"timestamp_ns": 1754859180000000000, "symbol": "BIOUSDT", "type": "trade", "price": 0.1148, "volume": 98355.6, "side": "sell", "seq": 216}
{"timestamp_ns": 1754859240000000000, "symbol": "BIOUSDT", "type": "trade", "price": 0.1146, "volume": 27720.4, "side": "buy", "seq": 217}
{"timestamp_ns": 1754859300000000000, "symbol": "BIOUSDT", "type": "trade", "price": 0.1146, "volume": 9096.1, "side": "buy", "seq": 218}
{"timestamp_ns": 1754859360000000000, "symbol": "BIOUSDT", "type": "trade", "price": 0.1146, "volume": 21860.1, "side": "sell", "seq": 219}
{"timestamp_ns": 1754859420000000000, "symbol": "BIOUSDT", "type": "trade", "price": 0.1146, "volume": 14319.5, "side": "sell", "seq": 220}
{"timestamp_ns": 1754859420000999936, "symbol": "BIOUSDT", "type": "orderbook", "bids": [[0.11449999999999999, 100.0], [0.11439999999999999, 200.0]], "asks": [[0.1147, 100.0], [0.1148, 200.0]], "seq": 1000220}
{"timestamp_ns": 1754859480000000000, "symbol": "BIOUSDT", "type": "trade", "price": 0.1146, "volume": 35621.4, "side": "buy", "seq": 221}
{"timestamp_ns": 1754859540000000000, "symbol": "BIOUSDT", "type": "trade", "price": 0.1147, "volume": 11743.3, "side": "buy", "seq": 222}
{"timestamp_ns": 1754859600000000000, "symbol": "BIOUSDT", "type": "trade", "price": 0.1148, "volume": 71185.1, "side": "buy", "seq": 223}
{"timestamp_ns": 1754859660000000000, "symbol": "BIOUSDT", "type": "trade", "price": 0.1138, "volume": 263968.5, "side": "sell", "seq": 224}
{"timestamp_ns": 1754859720000000000, "symbol": "BIOUSDT", "type": "trade", "price": 0.1139, "volume": 222535.6, "side": "sell", "seq": 225}
{"timestamp_ns": 1754859780000000000, "symbol": "BIOUSDT", "type": "trade", "price": 0.1139, "volume": 81663.9, "side": "sell", "seq": 226}
{"timestamp_ns": 1754859840000000000, "symbol": "BIOUSDT", "type": "trade", "price": 0.1137, "volume": 53847.5, "side": "buy", "seq": 227}
{"timestamp_ns": 1754859900000000000, "symbol": "BIOUSDT", "type": "trade", "price": 0.1138, "volume": 37982.0, "side": "buy", "seq": 228}
{"timestamp_ns": 1754859960000000000, "symbol": "BIOUSDT", "type": "trade", "price": 0.1137, "volume": 146028.1, "side": "buy", "seq": 229}
{"timestamp_ns": 1754860020000000000, "symbol": "BIOUSDT", "type": "trade", "price": 0.1138, "volume": 248524.5, "side": "buy", "seq": 230}
{"timestamp_ns": 1754860020000999936, "symbol": "BIOUSDT", "type": "orderbook", "bids": [[0.1137, 100.0], [0.11359999999999999, 200.0]], "asks": [[0.1139, 100.0], [0.114, 200.0]], "seq": 1000230}
{"timestamp_ns": 1754860080000000000, "symbol": "BIOUSDT", "type": "trade", "price": 0.114, "volume": 76578.3, "side": "sell", "seq": 231}
{"timestamp_ns": 1754860140000000000, "symbol": "BIOUSDT", "type": "trade", "price": 0.1141, "volume": 44260.5, "side": "sell", "seq": 232}
{"timestamp_ns": 1754860200000000000, "symbol": "BIOUSDT", "type": "trade", "price": 0.1144, "volume": 155960.3, "side": "buy", "seq": 233}
{"timestamp_ns": 1754860260000000000, "symbol": "BIOUSDT", "type": "trade", "price": 0.1142, "volume": 56580.6, "side": "buy", "seq": 234}
{"timestamp_ns": 1754860320000000000, "symbol": "BIOUSDT", "type": "trade", "price": 0.1144, "volume": 55681.1, "side": "buy", "seq": 235}
{"timestamp_ns": 1754860380000000000, "symbol": "BIOUSDT", "type": "trade", "price": 0.1142, "volume": 22707.0, "side": "sell", "seq": 236}
{"timestamp_ns": 1754860440000000000, "symbol": "BIOUSDT", "type": "trade", "price": 0.1142, "volume": 230003.2, "side": "sell", "seq": 237}
{"timestamp_ns": 1754860500000000000, "symbol": "BIOUSDT", "type": "trade", "price": 0.1143, "volume": 86128.8, "side": "buy", "seq": 238}
{"timestamp_ns": 1754860560000000000, "symbol": "BIOUSDT", "type": "trade", "price": 0.1144, "volume": 61137.8, "side": "sell", "seq": 239}
{"timestamp_ns": 1754860620000000000, "symbol": "BIOUSDT", "type": "trade", "price": 0.1144, "volume": 29760.7, "side": "buy", "seq": 240}
{"timestamp_ns": 1754860620000999936, "symbol": "BIOUSDT", "type": "orderbook", "bids": [[0.1143, 100.0], [0.1142, 200.0]], "asks": [[0.1145, 100.0], [0.11460000000000001, 200.0]], "seq": 1000240}
{"timestamp_ns": 1754860680000000000, "symbol": "BIOUSDT", "type": "trade", "price": 0.1143, "volume": 34038.5, "side": "sell", "seq": 241}
{"timestamp_ns": 1754860740000000000, "symbol": "BIOUSDT", "type": "trade", "price": 0.1144, "volume": 72861.9, "side": "buy", "seq": 242}
{"timestamp_ns": 1754860800000000000, "symbol": "BIOUSDT", "type": "trade", "price": 0.1145, "volume": 55821.5, "side": "buy", "seq": 243}
{"timestamp_ns": 1754860860000000000, "symbol": "BIOUSDT", "type": "trade", "price": 0.1142, "volume": 129889.7, "side": "sell", "seq": 244}
{"timestamp_ns": 1754860920000000000, "symbol": "BIOUSDT", "type": "trade", "price": 0.1145, "volume": 84349.5, "side": "buy", "seq": 245}
{"timestamp_ns": 1754860980000000000, "symbol": "BIOUSDT", "type": "trade", "price": 0.1142, "volume": 75297.6, "side": "sell", "seq": 246}
{"timestamp_ns": 1754861040000000000, "symbol": "BIOUSDT", "type": "trade", "price": 0.1144, "volume": 44587.1, "side": "sell", "seq": 247}
{"timestamp_ns": 1754861100000000000, "symbol": "BIOUSDT", "type": "trade", "price": 0.1145, "volume": 8751.4, "side": "buy", "seq": 248}
{"timestamp_ns": 1754861160000000000, "symbol": "BIOUSDT", "type": "trade", "price": 0.1147, "volume": 57088.2, "side": "buy", "seq": 249}
{"timestamp_ns": 1754861220000000000, "symbol": "BIOUSDT", "type": "trade", "price": 0.1148, "volume": 152075.6, "side": "sell", "seq": 250}
{"timestamp_ns": 1754861220000999936, "symbol": "BIOUSDT", "type": "orderbook", "bids": [[0.1147, 100.0], [0.1146, 200.0]], "asks": [[0.1149, 100.0], [0.115, 200.0]], "seq": 1000250}
{"timestamp_ns": 1754861280000000000, "symbol": "BIOUSDT", "type": "trade", "price": 0.1149, "volume": 66911.7, "side": "buy", "seq": 251}
{"timestamp_ns": 1754861340000000000, "symbol": "BIOUSDT", "type": "trade", "price": 0.1148, "volume": 6741.2, "side": "sell", "seq": 252}
{"timestamp_ns": 1754861400000000000, "symbol": "BIOUSDT", "type": "trade", "price": 0.1145, "volume": 84711.2, "side": "buy", "seq": 253}
{"timestamp_ns": 1754861460000000000, "symbol": "BIOUSDT", "type": "trade", "price": 0.1138, "volume": 128501.0, "side": "sell", "seq": 254}
{"timestamp_ns": 1754861520000000000, "symbol": "BIOUSDT", "type": "trade", "price": 0.1139, "volume": 125463.2, "side": "sell", "seq": 255}
{"timestamp_ns": 1754861580000000000, "symbol": "BIOUSDT", "type": "trade", "price": 0.1139, "volume": 89494.0, "side": "sell", "seq": 256}
{"timestamp_ns": 1754861640000000000, "symbol": "BIOUSDT", "type": "trade", "price": 0.1138, "volume": 80176.5, "side": "buy", "seq": 257}
{"timestamp_ns": 1754861700000000000, "symbol": "BIOUSDT", "type": "trade", "price": 0.1134, "volume": 179367.4, "side": "sell", "seq": 258}
{"timestamp_ns": 1754861760000000000, "symbol": "BIOUSDT", "type": "trade", "price": 0.1132, "volume": 94840.9, "side": "buy", "seq": 259}
{"timestamp_ns": 1754861820000000000, "symbol": "BIOUSDT", "type": "trade", "price": 0.1129, "volume": 854416.0, "side": "sell", "seq": 260}
{"timestamp_ns": 1754861820000999936, "symbol": "BIOUSDT", "type": "orderbook", "bids": [[0.1128, 100.0], [0.1127, 200.0]], "asks": [[0.113, 100.0], [0.1131, 200.0]], "seq": 1000260}
{"timestamp_ns": 1754861880000000000, "symbol": "BIOUSDT", "type": "trade", "price": 0.1125, "volume": 157696.9, "side": "sell", "seq": 261}
{"timestamp_ns": 1754861940000000000, "symbol": "BIOUSDT", "type": "trade", "price": 0.1128, "volume": 48763.2, "side": "sell", "seq": 262}
{"timestamp_ns": 1754862000000000000, "symbol": "BIOUSDT", "type": "trade", "price": 0.1128, "volume": 54277.9, "side": "sell", "seq": 263}
{"timestamp_ns": 1754862060000000000, "symbol": "BIOUSDT", "type": "trade", "price": 0.113, "volume": 22648.7, "side": "sell", "seq": 264}
{"timestamp_ns": 1754862120000000000, "symbol": "BIOUSDT", "type": "trade", "price": 0.1126, "volume": 40871.7, "side": "buy", "seq": 265}
{"timestamp_ns": 1754862180000000000, "symbol": "BIOUSDT", "type": "trade", "price": 0.1128, "volume": 10529.7, "side": "buy", "seq": 266}
{"timestamp_ns": 1754862240000000000, "symbol": "BIOUSDT", "type": "trade", "price": 0.113, "volume": 23301.7, "side": "buy", "seq": 267}
{"timestamp_ns": 1754862300000000000, "symbol": "BIOUSDT", "type": "trade", "price": 0.1132, "volume": 94252.2, "side": "buy", "seq": 268}
{"timestamp_ns": 1754862360000000000, "symbol": "BIOUSDT", "type": "trade", "price": 0.1133, "volume": 30225.0, "side": "buy", "seq": 269}
{"timestamp_ns": 1754862420000000000, "symbol": "BIOUSDT", "type": "trade", "price": 0.1135, "volume": 8811.0, "side": "buy", "seq": 270}
{"timestamp_ns": 1754862420000999936, "symbol": "BIOUSDT", "type": "orderbook", "bids": [[0.1134, 100.0], [0.1133, 200.0]], "asks": [[0.1136, 100.0], [0.11370000000000001, 200.0]], "seq": 1000270}
{"timestamp_ns": 1754862480000000000, "symbol": "BIOUSDT", "type": "trade", "price": 0.1135, "volume": 25545.6, "side": "sell", "seq": 271}
{"timestamp_ns": 1754862540000000000, "symbol": "BIOUSDT", "type": "trade", "price": 0.1136, "volume": 5089.3, "side": "sell", "seq": 272}
{"timestamp_ns": 1754862600000000000, "symbol": "BIOUSDT", "type": "trade", "price": 0.1137, "volume": 20367.8, "side": "buy", "seq": 273}
{"timestamp_ns": 1754862660000000000, "symbol": "BIOUSDT", "type": "trade", "price": 0.1136, "volume": 89809.2, "side": "sell", "seq": 274}
{"timestamp_ns": 1754862720000000000, "symbol": "BIOUSDT", "type": "trade", "price": 0.1138, "volume": 69272.6, "side": "buy", "seq": 275}
{"timestamp_ns": 1754862780000000000, "symbol": "BIOUSDT", "type": "trade", "price": 0.1136, "volume": 231614.5, "side": "buy", "seq": 276}
{"timestamp_ns": 1754862840000000000, "symbol": "BIOUSDT", "type": "trade", "price": 0.1134, "volume": 15343.4, "side": "sell", "seq": 277}
{"timestamp_ns": 1754862900000000000, "symbol": "BIOUSDT", "type": "trade", "price": 0.1135, "volume": 36474.2, "side": "buy", "seq": 278}
{"timestamp_ns": 1754862960000000000, "symbol": "BIOUSDT", "type": "trade", "price": 0.1137, "volume": 19415.6, "side": "buy", "seq": 279}
{"timestamp_ns": 1754863020000000000, "symbol": "BIOUSDT", "type": "trade", "price": 0.1139, "volume": 18350.1, "side": "sell", "seq": 280}
{"timestamp_ns": 1754863020000999936, "symbol": "BIOUSDT", "type": "orderbook", "bids": [[0.1138, 100.0], [0.1137, 200.0]], "asks": [[0.114, 100.0], [0.11410000000000001, 200.0]], "seq": 1000280}
{"timestamp_ns": 1754863080000000000, "symbol": "BIOUSDT", "type": "trade", "price": 0.1138, "volume": 22326.3, "side": "sell", "seq": 281}
{"timestamp_ns": 1754863140000000000, "symbol": "BIOUSDT", "type": "trade", "price": 0.114, "volume": 983.2, "side": "sell", "seq": 282}
{"timestamp_ns": 1754863200000000000, "symbol": "BIOUSDT", "type": "trade", "price": 0.1143, "volume": 45504.7, "side": "sell", "seq": 283}
{"timestamp_ns": 1754863260000000000, "symbol": "BIOUSDT", "type": "trade", "price": 0.1138, "volume": 26502.3, "side": "sell", "seq": 284}
{"timestamp_ns": 1754863320000000000, "symbol": "BIOUSDT", "type": "trade", "price": 0.114, "volume": 32232.9, "side": "buy", "seq": 285}
{"timestamp_ns": 1754863380000000000, "symbol": "BIOUSDT", "type": "trade", "price": 0.1142, "volume": 15349.9, "side": "sell", "seq": 286}
{"timestamp_ns": 1754863440000000000, "symbol": "BIOUSDT", "type": "trade", "price": 0.1141, "volume": 133956.1, "side": "buy", "seq": 287}
{"timestamp_ns": 1754863500000000000, "symbol": "BIOUSDT", "type": "trade", "price": 0.114, "volume": 52597.8, "side": "sell", "seq": 288}
{"timestamp_ns": 1754863560000000000, "symbol": "BIOUSDT", "type": "trade", "price": 0.114, "volume": 10843.7, "side": "buy", "seq": 289}
{"timestamp_ns": 1754863620000000000, "symbol": "BIOUSDT", "type": "trade", "price": 0.1139, "volume": 2282.0, "side": "buy", "seq": 290}
{"timestamp_ns": 1754863620000999936, "symbol": "BIOUSDT", "type": "orderbook", "bids": [[0.1138, 100.0], [0.1137, 200.0]], "asks": [[0.114, 100.0], [0.11410000000000001, 200.0]], "seq": 1000290}
{"timestamp_ns": 1754863680000000000, "symbol": "BIOUSDT", "type": "trade", "price": 0.1143, "volume": 43748.6, "side": "sell", "seq": 291}
{"timestamp_ns": 1754863740000000000, "symbol": "BIOUSDT", "type": "trade", "price": 0.1138, "volume": 63623.2, "side": "buy", "seq": 292}
{"timestamp_ns": 1754863800000000000, "symbol": "BIOUSDT", "type": "trade", "price": 0.1142, "volume": 42139.9, "side": "buy", "seq": 293}
{"timestamp_ns": 1754863860000000000, "symbol": "BIOUSDT", "type": "trade", "price": 0.1144, "volume": 262195.3, "side": "sell", "seq": 294}
{"timestamp_ns": 1754863920000000000, "symbol": "BIOUSDT", "type": "trade", "price": 0.1147, "volume": 32733.5, "side": "sell", "seq": 295}
{"timestamp_ns": 1754863980000000000, "symbol": "BIOUSDT", "type": "trade", "price": 0.1143, "volume": 16414.5, "side": "buy", "seq": 296}
{"timestamp_ns": 1754864040000000000, "symbol": "BIOUSDT", "type": "trade", "price": 0.1146, "volume": 70479.9, "side": "buy", "seq": 297}
{"timestamp_ns": 1754864100000000000, "symbol": "BIOUSDT", "type": "trade", "price": 0.1149, "volume": 139196.7, "side": "buy", "seq": 298}
{"timestamp_ns": 1754864160000000000, "symbol": "BIOUSDT", "type": "trade", "price": 0.1156, "volume": 617451.8, "side": "buy", "seq": 299}
{"timestamp_ns": 1754864220000000000, "symbol": "BIOUSDT", "type": "trade", "price": 0.1164, "volume": 1083674.0, "side": "buy", "seq": 300}
{"timestamp_ns": 1754864220000999936, "symbol": "BIOUSDT", "type": "orderbook", "bids": [[0.1163, 100.0], [0.1162, 200.0]], "asks": [[0.1165, 100.0], [0.11660000000000001, 200.0]], "seq": 1000300}
{"timestamp_ns": 1754864280000000000, "symbol": "BIOUSDT", "type": "trade", "price": 0.1174, "volume": 1700177.6, "side": "sell", "seq": 301}
{"timestamp_ns": 1754864340000000000, "symbol": "BIOUSDT", "type": "trade", "price": 0.116, "volume": 1189278.4, "side": "buy", "seq": 302}
{"timestamp_ns": 1754864400000000000, "symbol": "BIOUSDT", "type": "trade", "price": 0.1162, "volume": 378261.0, "side": "sell", "seq": 303}
{"timestamp_ns": 1754864460000000000, "symbol": "BIOUSDT", "type": "trade", "price": 0.1163, "volume": 850891.6, "side": "sell", "seq": 304}
{"timestamp_ns": 1754864520000000000, "symbol": "BIOUSDT", "type": "trade", "price": 0.1162, "volume": 452090.3, "side": "sell", "seq": 305}
{"timestamp_ns": 1754864580000000000, "symbol": "BIOUSDT", "type": "trade", "price": 0.1167, "volume": 444502.4, "side": "buy", "seq": 306}
{"timestamp_ns": 1754864640000000000, "symbol": "BIOUSDT", "type": "trade", "price": 0.1167, "volume": 313268.9, "side": "buy", "seq": 307}
{"timestamp_ns": 1754864700000000000, "symbol": "BIOUSDT", "type": "trade", "price": 0.1168, "volume": 264840.6, "side": "buy", "seq": 308}
{"timestamp_ns": 1754864760000000000, "symbol": "BIOUSDT", "type": "trade", "price": 0.1171, "volume": 279447.9, "side": "buy", "seq": 309}
{"timestamp_ns": 1754864820000000000, "symbol": "BIOUSDT", "type": "trade", "price": 0.1176, "volume": 381285.1, "side": "sell", "seq": 310}
{"timestamp_ns": 1754864820000999936, "symbol": "BIOUSDT", "type": "orderbook", "bids": [[0.1175, 100.0], [0.11739999999999999, 200.0]], "asks": [[0.1177, 100.0], [0.1178, 200.0]], "seq": 1000310}
{"timestamp_ns": 1754864880000000000, "symbol": "BIOUSDT", "type": "trade", "price": 0.1173, "volume": 580108.6, "side": "sell", "seq": 311}
{"timestamp_ns": 1754864940000000000, "symbol": "BIOUSDT", "type": "trade", "price": 0.1173, "volume": 99781.2, "side": "sell", "seq": 312}
{"timestamp_ns": 1754865000000000000, "symbol": "BIOUSDT", "type": "trade", "price": 0.1182, "volume": 506633.3, "side": "buy", "seq": 313}
{"timestamp_ns": 1754865060000000000, "symbol": "BIOUSDT", "type": "trade", "price": 0.1179, "volume": 331339.9, "side": "sell", "seq": 314}
{"timestamp_ns": 1754865120000000000, "symbol": "BIOUSDT", "type": "trade", "price": 0.1182, "volume": 121525.3, "side": "buy", "seq": 315}
{"timestamp_ns": 1754865180000000000, "symbol": "BIOUSDT", "type": "trade", "price": 0.1177, "volume": 403771.0, "side": "sell", "seq": 316}
{"timestamp_ns": 1754865240000000000, "symbol": "BIOUSDT", "type": "trade", "price": 0.1178, "volume": 289085.8, "side": "sell", "seq": 317}
{"timestamp_ns": 1754865300000000000, "symbol": "BIOUSDT", "type": "trade", "price": 0.118, "volume": 278536.4, "side": "sell", "seq": 318}
{"timestamp_ns": 1754865360000000000, "symbol": "BIOUSDT", "type": "trade", "price": 0.1178, "volume": 168838.0, "side": "buy", "seq": 319}
{"timestamp_ns": 1754865420000000000, "symbol": "BIOUSDT", "type": "trade", "price": 0.117, "volume": 839960.2, "side": "sell", "seq": 320}
{"timestamp_ns": 1754865420000999936, "symbol": "BIOUSDT", "type": "orderbook", "bids": [[0.1169, 100.0], [0.1168, 200.0]], "asks": [[0.11710000000000001, 100.0], [0.11720000000000001, 200.0]], "seq": 1000320}
{"timestamp_ns": 1754865480000000000, "symbol": "BIOUSDT", "type": "trade", "price": 0.1172, "volume": 120683.7, "side": "sell", "seq": 321}
{"timestamp_ns": 1754865540000000000, "symbol": "BIOUSDT", "type": "trade", "price": 0.1167, "volume": 149769.1, "side": "sell", "seq": 322}
{"timestamp_ns": 1754865600000000000, "symbol": "BIOUSDT", "type": "trade", "price": 0.117, "volume": 42019.8, "side": "sell", "seq": 323}
{"timestamp_ns": 1754865660000000000, "symbol": "BIOUSDT", "type": "trade", "price": 0.1171, "volume": 236455.2, "side": "sell", "seq": 324}
{"timestamp_ns": 1754865720000000000, "symbol": "BIOUSDT", "type": "trade", "price": 0.1176, "volume": 125638.0, "side": "sell", "seq": 325}
{"timestamp_ns": 1754865780000000000, "symbol": "BIOUSDT", "type": "trade", "price": 0.118, "volume": 188018.9, "side": "sell", "seq": 326}
{"timestamp_ns": 1754865840000000000, "symbol": "BIOUSDT", "type": "trade", "price": 0.1179, "volume": 189518.9, "side": "sell", "seq": 327}
{"timestamp_ns": 1754865900000000000, "symbol": "BIOUSDT", "type": "trade", "price": 0.1175, "volume": 65129.8, "side": "buy", "seq": 328}
{"timestamp_ns": 1754865960000000000, "symbol": "BIOUSDT", "type": "trade", "price": 0.1176, "volume": 29595.4, "side": "sell", "seq": 329}
{"timestamp_ns": 1754866020000000000, "symbol": "BIOUSDT", "type": "trade", "price": 0.1168, "volume": 275984.3, "side": "buy", "seq": 330}
{"timestamp_ns": 1754866020000999936, "symbol": "BIOUSDT", "type": "orderbook", "bids": [[0.1167, 100.0], [0.1166, 200.0]], "asks": [[0.1169, 100.0], [0.117, 200.0]], "seq": 1000330}
{"timestamp_ns": 1754866080000000000, "symbol": "BIOUSDT", "type": "trade", "price": 0.1168, "volume": 135209.7, "side": "sell", "seq": 331}
{"timestamp_ns": 1754866140000000000, "symbol": "BIOUSDT", "type": "trade", "price": 0.1166, "volume": 128384.7, "side": "sell", "seq": 332}
{"timestamp_ns": 1754866200000000000, "symbol": "BIOUSDT", "type": "trade", "price": 0.117, "volume": 102871.1, "side": "sell", "seq": 333}
{"timestamp_ns": 1754866260000000000, "symbol": "BIOUSDT", "type": "trade", "price": 0.1171, "volume": 48113.7, "side": "buy", "seq": 334}
{"timestamp_ns": 1754866320000000000, "symbol": "BIOUSDT", "type": "trade", "price": 0.1168, "volume": 58398.3, "side": "sell", "seq": 335}
{"timestamp_ns": 1754866380000000000, "symbol": "BIOUSDT", "type": "trade", "price": 0.1171, "volume": 56810.5, "side": "buy", "seq": 336}
{"timestamp_ns": 1754866440000000000, "symbol": "BIOUSDT", "type": "trade", "price": 0.1172, "volume": 61400.6, "side": "sell", "seq": 337}
{"timestamp_ns": 1754866500000000000, "symbol": "BIOUSDT", "type": "trade", "price": 0.1173, "volume": 39127.8, "side": "buy", "seq": 338}
{"timestamp_ns": 1754866560000000000, "symbol": "BIOUSDT", "type": "trade", "price": 0.1169, "volume": 111718.4, "side": "sell", "seq": 339}
{"timestamp_ns": 1754866620000000000, "symbol": "BIOUSDT", "type": "trade", "price": 0.1172, "volume": 58256.3, "side": "buy", "seq": 340}
{"timestamp_ns": 1754866620000999936, "symbol": "BIOUSDT", "type": "orderbook", "bids": [[0.1171, 100.0], [0.11699999999999999, 200.0]], "asks": [[0.1173, 100.0], [0.1174, 200.0]], "seq": 1000340}
{"timestamp_ns": 1754866680000000000, "symbol": "BIOUSDT", "type": "trade", "price": 0.1169, "volume": 78642.9, "side": "sell", "seq": 341}
{"timestamp_ns": 1754866740000000000, "symbol": "BIOUSDT", "type": "trade", "price": 0.1171, "volume": 65376.6, "side": "buy", "seq": 342}
{"timestamp_ns": 1754866800000000000, "symbol": "BIOUSDT", "type": "trade", "price": 0.1169, "volume": 108943.5, "side": "buy", "seq": 343}
{"timestamp_ns": 1754866860000000000, "symbol": "BIOUSDT", "type": "trade", "price": 0.1171, "volume": 81336.1, "side": "buy", "seq": 344}
{"timestamp_ns": 1754866920000000000, "symbol": "BIOUSDT", "type": "trade", "price": 0.1171, "volume": 25913.8, "side": "buy", "seq": 345}
{"timestamp_ns": 1754866980000000000, "symbol": "BIOUSDT", "type": "trade", "price": 0.1167, "volume": 26136.4, "side": "sell", "seq": 346}
{"timestamp_ns": 1754867040000000000, "symbol": "BIOUSDT", "type": "trade", "price": 0.1169, "volume": 33252.0, "side": "sell", "seq": 347}
{"timestamp_ns": 1754867100000000000, "symbol": "BIOUSDT", "type": "trade", "price": 0.1172, "volume": 59569.3, "side": "buy", "seq": 348}
{"timestamp_ns": 1754867160000000000, "symbol": "BIOUSDT", "type": "trade", "price": 0.1169, "volume": 49402.3, "side": "buy", "seq": 349}
{"timestamp_ns": 1754867220000000000, "symbol": "BIOUSDT", "type": "trade", "price": 0.1169, "volume": 38935.0, "side": "sell", "seq": 350}
{"timestamp_ns": 1754867220000999936, "symbol": "BIOUSDT", "type": "orderbook", "bids": [[0.1168, 100.0], [0.1167, 200.0]], "asks": [[0.117, 100.0], [0.11710000000000001, 200.0]], "seq": 1000350}
{"timestamp_ns": 1754867280000000000, "symbol": "BIOUSDT", "type": "trade", "price": 0.1169, "volume": 17405.0, "side": "sell", "seq": 351}
{"timestamp_ns": 1754867340000000000, "symbol": "BIOUSDT", "type": "trade", "price": 0.1168, "volume": 48157.6, "side": "sell", "seq": 352}
{"timestamp_ns": 1754867400000000000, "symbol": "BIOUSDT", "type": "trade", "price": 0.1167, "volume": 65546.4, "side": "sell", "seq": 353}
{"timestamp_ns": 1754867460000000000, "symbol": "BIOUSDT", "type": "trade", "price": 0.1166, "volume": 125667.4, "side": "sell", "seq": 354}
{"timestamp_ns": 1754867520000000000, "symbol": "BIOUSDT", "type": "trade", "price": 0.1168, "volume": 100465.0, "side": "sell", "seq": 355}
{"timestamp_ns": 1754867580000000000, "symbol": "BIOUSDT", "type": "trade", "price": 0.1165, "volume": 118303.4, "side": "buy", "seq": 356}
{"timestamp_ns": 1754867640000000000, "symbol": "BIOUSDT", "type": "trade", "price": 0.1163, "volume": 156692.8, "side": "sell", "seq": 357}
{"timestamp_ns": 1754867700000000000, "symbol": "BIOUSDT", "type": "trade", "price": 0.1162, "volume": 66433.3, "side": "buy", "seq": 358}
{"timestamp_ns": 1754867760000000000, "symbol": "BIOUSDT", "type": "trade", "price": 0.1165, "volume": 108350.9, "side": "buy", "seq": 359}
{"timestamp_ns": 1754867820000000000, "symbol": "BIOUSDT", "type": "trade", "price": 0.1163, "volume": 106429.5, "side": "buy", "seq": 360}
{"timestamp_ns": 1754867820000999936, "symbol": "BIOUSDT", "type": "orderbook", "bids": [[0.1162, 100.0], [0.1161, 200.0]], "asks": [[0.1164, 100.0], [0.1165, 200.0]], "seq": 1000360}
{"timestamp_ns": 1754867880000000000, "symbol": "BIOUSDT", "type": "trade", "price": 0.1167, "volume": 38720.6, "side": "buy", "seq": 361}
{"timestamp_ns": 1754867940000000000, "symbol": "BIOUSDT", "type": "trade", "price": 0.1164, "volume": 58575.1, "side": "sell", "seq": 362}
{"timestamp_ns": 1754868000000000000, "symbol": "BIOUSDT", "type": "trade", "price": 0.1162, "volume": 155872.8, "side": "sell", "seq": 363}
{"timestamp_ns": 1754868060000000000, "symbol": "BIOUSDT", "type": "trade", "price": 0.116, "volume": 247668.2, "side": "sell", "seq": 364}
{"timestamp_ns": 1754868120000000000, "symbol": "BIOUSDT", "type": "trade", "price": 0.116, "volume": 110703.1, "side": "buy", "seq": 365}
{"timestamp_ns": 1754868180000000000, "symbol": "BIOUSDT", "type": "trade", "price": 0.1161, "volume": 85639.7, "side": "buy", "seq": 366}
{"timestamp_ns": 1754868240000000000, "symbol": "BIOUSDT", "type": "trade", "price": 0.1158, "volume": 54999.6, "side": "buy", "seq": 367}
{"timestamp_ns": 1754868300000000000, "symbol": "BIOUSDT", "type": "trade", "price": 0.1157, "volume": 280189.8, "side": "sell", "seq": 368}
{"timestamp_ns": 1754868360000000000, "symbol": "BIOUSDT", "type": "trade", "price": 0.1157, "volume": 75014.6, "side": "sell", "seq": 369}
{"timestamp_ns": 1754868420000000000, "symbol": "BIOUSDT", "type": "trade", "price": 0.1156, "volume": 51270.3, "side": "sell", "seq": 370}
{"timestamp_ns": 1754868420000999936, "symbol": "BIOUSDT", "type": "orderbook", "bids": [[0.11549999999999999, 100.0], [0.11539999999999999, 200.0]], "asks": [[0.1157, 100.0], [0.1158, 200.0]], "seq": 1000370}
{"timestamp_ns": 1754868480000000000, "symbol": "BIOUSDT", "type": "trade", "price": 0.1157, "volume": 83717.0, "side": "buy", "seq": 371}
{"timestamp_ns": 1754868540000000000, "symbol": "BIOUSDT", "type": "trade", "price": 0.1156, "volume": 45935.5, "side": "buy", "seq": 372}
{"timestamp_ns": 1754868600000000000, "symbol": "BIOUSDT", "type": "trade", "price": 0.1155, "volume": 45689.1, "side": "sell", "seq": 373}
{"timestamp_ns": 1754868660000000000, "symbol": "BIOUSDT", "type": "trade", "price": 0.1152, "volume": 227641.5, "side": "buy", "seq": 374}
{"timestamp_ns": 1754868720000000000, "symbol": "BIOUSDT", "type": "trade", "price": 0.1153, "volume": 272314.0, "side": "sell", "seq": 375}
{"timestamp_ns": 1754868780000000000, "symbol": "BIOUSDT", "type": "trade", "price": 0.1153, "volume": 159310.9, "side": "buy", "seq": 376}
{"timestamp_ns": 1754868840000000000, "symbol": "BIOUSDT", "type": "trade", "price": 0.1151, "volume": 236142.9, "side": "sell", "seq": 377}
{"timestamp_ns": 1754868900000000000, "symbol": "BIOUSDT", "type": "trade", "price": 0.115, "volume": 74604.7, "side": "buy", "seq": 378}
{"timestamp_ns": 1754868960000000000, "symbol": "BIOUSDT", "type": "trade", "price": 0.1147, "volume": 53480.0, "side": "sell", "seq": 379}
{"timestamp_ns": 1754869020000000000, "symbol": "BIOUSDT", "type": "trade", "price": 0.1148, "volume": 201476.7, "side": "buy", "seq": 380}
{"timestamp_ns": 1754869020000999936, "symbol": "BIOUSDT", "type": "orderbook", "bids": [[0.1147, 100.0], [0.1146, 200.0]], "asks": [[0.1149, 100.0], [0.115, 200.0]], "seq": 1000380}
{"timestamp_ns": 1754869080000000000, "symbol": "BIOUSDT", "type": "trade", "price": 0.1146, "volume": 50657.1, "side": "buy", "seq": 381}
{"timestamp_ns": 1754869140000000000, "symbol": "BIOUSDT", "type": "trade", "price": 0.1147, "volume": 19171.4, "side": "sell", "seq": 382}
{"timestamp_ns": 1754869200000000000, "symbol": "BIOUSDT", "type": "trade", "price": 0.1147, "volume": 12042.3, "side": "sell", "seq": 383}
{"timestamp_ns": 1754869260000000000, "symbol": "BIOUSDT", "type": "trade", "price": 0.1147, "volume": 24497.1, "side": "sell", "seq": 384}
{"timestamp_ns": 1754869320000000000, "symbol": "BIOUSDT", "type": "trade", "price": 0.1145, "volume": 13032.0, "side": "buy", "seq": 385}
{"timestamp_ns": 1754869380000000000, "symbol": "BIOUSDT", "type": "trade", "price": 0.1148, "volume": 113496.3, "side": "sell", "seq": 386}
{"timestamp_ns": 1754869440000000000, "symbol": "BIOUSDT", "type": "trade", "price": 0.1151, "volume": 33472.0, "side": "buy", "seq": 387}
{"timestamp_ns": 1754869500000000000, "symbol": "BIOUSDT", "type": "trade", "price": 0.1151, "volume": 106393.0, "side": "buy", "seq": 388}
{"timestamp_ns": 1754869560000000000, "symbol": "BIOUSDT", "type": "trade", "price": 0.115, "volume": 22223.6, "side": "buy", "seq": 389}
{"timestamp_ns": 1754869620000000000, "symbol": "BIOUSDT", "type": "trade", "price": 0.1149, "volume": 41632.0, "side": "sell", "seq": 390}
{"timestamp_ns": 1754869620000999936, "symbol": "BIOUSDT", "type": "orderbook", "bids": [[0.1148, 100.0], [0.1147, 200.0]], "asks": [[0.115, 100.0], [0.11510000000000001, 200.0]], "seq": 1000390}
{"timestamp_ns": 1754869680000000000, "symbol": "BIOUSDT", "type": "trade", "price": 0.1147, "volume": 100408.1, "side": "sell", "seq": 391}
{"timestamp_ns": 1754869740000000000, "symbol": "BIOUSDT", "type": "trade", "price": 0.1145, "volume": 43647.4, "side": "buy", "seq": 392}
{"timestamp_ns": 1754869800000000000, "symbol": "BIOUSDT", "type": "trade", "price": 0.1143, "volume": 185815.1, "side": "sell", "seq": 393}
{"timestamp_ns": 1754869860000000000, "symbol": "BIOUSDT", "type": "trade", "price": 0.1142, "volume": 427323.6, "side": "sell", "seq": 394}
{"timestamp_ns": 1754869920000000000, "symbol": "BIOUSDT", "type": "trade", "price": 0.114, "volume": 101621.5, "side": "buy", "seq": 395}
{"timestamp_ns": 1754869980000000000, "symbol": "BIOUSDT", "type": "trade", "price": 0.1141, "volume": 197684.8, "side": "buy", "seq": 396}
{"timestamp_ns": 1754870040000000000, "symbol": "BIOUSDT", "type": "trade", "price": 0.1142, "volume": 32032.4, "side": "buy", "seq": 397}
{"timestamp_ns": 1754870100000000000, "symbol": "BIOUSDT", "type": "trade", "price": 0.114, "volume": 51686.6, "side": "buy", "seq": 398}
{"timestamp_ns": 1754870160000000000, "symbol": "BIOUSDT", "type": "trade", "price": 0.1139, "volume": 179876.2, "side": "sell", "seq": 399}
{"timestamp_ns": 1754870220000000000, "symbol": "BIOUSDT", "type": "trade", "price": 0.1139, "volume": 47481.8, "side": "buy", "seq": 400}
{"timestamp_ns": 1754870220000999936, "symbol": "BIOUSDT", "type": "orderbook", "bids": [[0.1138, 100.0], [0.1137, 200.0]], "asks": [[0.114, 100.0], [0.11410000000000001, 200.0]], "seq": 1000400}
{"timestamp_ns": 1754870280000000000, "symbol": "BIOUSDT", "type": "trade", "price": 0.1139, "volume": 46219.1, "side": "buy", "seq": 401}
{"timestamp_ns": 1754870340000000000, "symbol": "BIOUSDT", "type": "trade", "price": 0.1139, "volume": 24865.5, "side": "buy", "seq": 402}
{"timestamp_ns": 1754870400000000000, "symbol": "BIOUSDT", "type": "trade", "price": 0.1131, "volume": 281541.5, "side": "sell", "seq": 403}
{"timestamp_ns": 1754870460000000000, "symbol": "BIOUSDT", "type": "trade", "price": 0.1128, "volume": 183412.2, "side": "buy", "seq": 404}
{"timestamp_ns": 1754870520000000000, "symbol": "BIOUSDT", "type": "trade", "price": 0.1125, "volume": 86353.1, "side": "sell", "seq": 405}
{"timestamp_ns": 1754870580000000000, "symbol": "BIOUSDT", "type": "trade", "price": 0.1123, "volume": 126300.1, "side": "buy", "seq": 406}
{"timestamp_ns": 1754870640000000000, "symbol": "BIOUSDT", "type": "trade", "price": 0.1127, "volume": 72975.8, "side": "buy", "seq": 407}
{"timestamp_ns": 1754870700000000000, "symbol": "BIOUSDT", "type": "trade", "price": 0.1126, "volume": 44737.7, "side": "sell", "seq": 408}
{"timestamp_ns": 1754870760000000000, "symbol": "BIOUSDT", "type": "trade", "price": 0.1119, "volume": 151014.6, "side": "sell", "seq": 409}
{"timestamp_ns": 1754870820000000000, "symbol": "BIOUSDT", "type": "trade", "price": 0.112, "volume": 248759.9, "side": "sell", "seq": 410}
{"timestamp_ns": 1754870820000999936, "symbol": "BIOUSDT", "type": "orderbook", "bids": [[0.1119, 100.0], [0.1118, 200.0]], "asks": [[0.1121, 100.0], [0.11220000000000001, 200.0]], "seq": 1000410}
{"timestamp_ns": 1754870880000000000, "symbol": "BIOUSDT", "type": "trade", "price": 0.1117, "volume": 135887.5, "side": "buy", "seq": 411}
{"timestamp_ns": 1754870940000000000, "symbol": "BIOUSDT", "type": "trade", "price": 0.1114, "volume": 261787.9, "side": "buy", "seq": 412}
{"timestamp_ns": 1754871000000000000, "symbol": "BIOUSDT", "type": "trade", "price": 0.1108, "volume": 261494.5, "side": "buy", "seq": 413}
{"timestamp_ns": 1754871060000000000, "symbol": "BIOUSDT", "type": "trade", "price": 0.1107, "volume": 189294.9, "side": "sell", "seq": 414}
{"timestamp_ns": 1754871120000000000, "symbol": "BIOUSDT", "type": "trade", "price": 0.1106, "volume": 232722.7, "side": "sell", "seq": 415}
{"timestamp_ns": 1754871180000000000, "symbol": "BIOUSDT", "type": "trade", "price": 0.1119, "volume": 558121.5, "side": "buy", "seq": 416}
{"timestamp_ns": 1754871240000000000, "symbol": "BIOUSDT", "type": "trade", "price": 0.1119, "volume": 219134.2, "side": "sell", "seq": 417}
{"timestamp_ns": 1754871300000000000, "symbol": "BIOUSDT", "type": "trade", "price": 0.1113, "volume": 167377.9, "side": "sell", "seq": 418}
{"timestamp_ns": 1754871360000000000, "symbol": "BIOUSDT", "type": "trade", "price": 0.1116, "volume": 89473.9, "side": "buy", "seq": 419}
{"timestamp_ns": 1754871420000000000, "symbol": "BIOUSDT", "type": "trade", "price": 0.1119, "volume": 39509.0, "side": "sell", "seq": 420}
{"timestamp_ns": 1754871420000999936, "symbol": "BIOUSDT", "type": "orderbook", "bids": [[0.1118, 100.0], [0.1117, 200.0]], "asks": [[0.112, 100.0], [0.1121, 200.0]], "seq": 1000420}
{"timestamp_ns": 1754871480000000000, "symbol": "BIOUSDT", "type": "trade", "price": 0.1117, "volume": 72021.8, "side": "sell", "seq": 421}
{"timestamp_ns": 1754871540000000000, "symbol": "BIOUSDT", "type": "trade", "price": 0.1119, "volume": 25777.3, "side": "sell", "seq": 422}
{"timestamp_ns": 1754871600000000000, "symbol": "BIOUSDT", "type": "trade", "price": 0.1113, "volume": 21021.4, "side": "sell", "seq": 423}
{"timestamp_ns": 1754871660000000000, "symbol": "BIOUSDT", "type": "trade", "price": 0.1115, "volume": 29435.1, "side": "buy", "seq": 424}
{"timestamp_ns": 1754871720000000000, "symbol": "BIOUSDT", "type": "trade", "price": 0.1117, "volume": 75054.9, "side": "sell", "seq": 425}
{"timestamp_ns": 1754871780000000000, "symbol": "BIOUSDT", "type": "trade", "price": 0.1115, "volume": 23420.1, "side": "buy", "seq": 426}
{"timestamp_ns": 1754871840000000000, "symbol": "BIOUSDT", "type": "trade", "price": 0.1114, "volume": 154458.9, "side": "buy", "seq": 427}
{"timestamp_ns": 1754871900000000000, "symbol": "BIOUSDT", "type": "trade", "price": 0.1116, "volume": 45102.3, "side": "sell", "seq": 428}
{"timestamp_ns": 1754871960000000000, "symbol": "BIOUSDT", "type": "trade", "price": 0.1116, "volume": 19675.3, "side": "buy", "seq": 429}
{"timestamp_ns": 1754872020000000000, "symbol": "BIOUSDT", "type": "trade", "price": 0.1117, "volume": 81848.1, "side": "sell", "seq": 430}
{"timestamp_ns": 1754872020000999936, "symbol": "BIOUSDT", "type": "orderbook", "bids": [[0.11159999999999999, 100.0], [0.11149999999999999, 200.0]], "asks": [[0.1118, 100.0], [0.1119, 200.0]], "seq": 1000430}
{"timestamp_ns": 1754872080000000000, "symbol": "BIOUSDT", "type": "trade", "price": 0.1117, "volume": 81360.8, "side": "sell", "seq": 431}
{"timestamp_ns": 1754872140000000000, "symbol": "BIOUSDT", "type": "trade", "price": 0.1119, "volume": 10539.2, "side": "buy", "seq": 432}
{"timestamp_ns": 1754872200000000000, "symbol": "BIOUSDT", "type": "trade", "price": 0.1114, "volume": 57250.9, "side": "sell", "seq": 433}
{"timestamp_ns": 1754872260000000000, "symbol": "BIOUSDT", "type": "trade", "price": 0.1119, "volume": 149847.3, "side": "buy", "seq": 434}
{"timestamp_ns": 1754872320000000000, "symbol": "BIOUSDT", "type": "trade", "price": 0.1117, "volume": 101546.7, "side": "buy", "seq": 435}
{"timestamp_ns": 1754872380000000000, "symbol": "BIOUSDT", "type": "trade", "price": 0.1111, "volume": 101772.2, "side": "buy", "seq": 436}
{"timestamp_ns": 1754872440000000000, "symbol": "BIOUSDT", "type": "trade", "price": 0.1116, "volume": 59411.4, "side": "buy", "seq": 437}
{"timestamp_ns": 1754872500000000000, "symbol": "BIOUSDT", "type": "trade", "price": 0.1116, "volume": 31464.4, "side": "sell", "seq": 438}
{"timestamp_ns": 1754872560000000000, "symbol": "BIOUSDT", "type": "trade", "price": 0.1122, "volume": 259349.7, "side": "sell", "seq": 439}
{"timestamp_ns": 1754872620000000000, "symbol": "BIOUSDT", "type": "trade", "price": 0.1122, "volume": 35350.1, "side": "sell", "seq": 440}
{"timestamp_ns": 1754872620000999936, "symbol": "BIOUSDT", "type": "orderbook", "bids": [[0.11209999999999999, 100.0], [0.11199999999999999, 200.0]], "asks": [[0.1123, 100.0], [0.1124, 200.0]], "seq": 1000440}
{"timestamp_ns": 1754872680000000000, "symbol": "BIOUSDT", "type": "trade", "price": 0.112, "volume": 63459.6, "side": "buy", "seq": 441}
{"timestamp_ns": 1754872740000000000, "symbol": "BIOUSDT", "type": "trade", "price": 0.1117, "volume": 279446.2, "side": "buy", "seq": 442}
{"timestamp_ns": 1754872800000000000, "symbol": "BIOUSDT", "type": "trade", "price": 0.1122, "volume": 76658.7, "side": "buy", "seq": 443}
{"timestamp_ns": 1754872860000000000, "symbol": "BIOUSDT", "type": "trade", "price": 0.1122, "volume": 72614.2, "side": "buy", "seq": 444}
{"timestamp_ns": 1754872920000000000, "symbol": "BIOUSDT", "type": "trade", "price": 0.1116, "volume": 67413.6, "side": "sell", "seq": 445}
{"timestamp_ns": 1754872980000000000, "symbol": "BIOUSDT", "type": "trade", "price": 0.1118, "volume": 91747.6, "side": "sell", "seq": 446}
{"timestamp_ns": 1754873040000000000, "symbol": "BIOUSDT", "type": "trade", "price": 0.1113, "volume": 39977.3, "side": "buy", "seq": 447}
{"timestamp_ns": 1754873100000000000, "symbol": "BIOUSDT", "type": "trade", "price": 0.1116, "volume": 77447.1, "side": "buy", "seq": 448}
{"timestamp_ns": 1754873160000000000, "symbol": "BIOUSDT", "type": "trade", "price": 0.1119, "volume": 165980.3, "side": "sell", "seq": 449}
{"timestamp_ns": 1754873220000000000, "symbol": "BIOUSDT", "type": "trade", "price": 0.1118, "volume": 54100.6, "side": "buy", "seq": 450}
{"timestamp_ns": 1754873220000999936, "symbol": "BIOUSDT", "type": "orderbook", "bids": [[0.1117, 100.0], [0.11159999999999999, 200.0]], "asks": [[0.1119, 100.0], [0.112, 200.0]], "seq": 1000450}
{"timestamp_ns": 1754873280000000000, "symbol": "BIOUSDT", "type": "trade", "price": 0.1117, "volume": 42200.4, "side": "buy", "seq": 451}
{"timestamp_ns": 1754873340000000000, "symbol": "BIOUSDT", "type": "trade", "price": 0.1114, "volume": 204770.1, "side": "buy", "seq": 452}
{"timestamp_ns": 1754873400000000000, "symbol": "BIOUSDT", "type": "trade", "price": 0.112, "volume": 198799.8, "side": "sell", "seq": 453}
{"timestamp_ns": 1754873460000000000, "symbol": "BIOUSDT", "type": "trade", "price": 0.1119, "volume": 29904.6, "side": "sell", "seq": 454}
{"timestamp_ns": 1754873520000000000, "symbol": "BIOUSDT", "type": "trade", "price": 0.1122, "volume": 82774.8, "side": "sell", "seq": 455}
{"timestamp_ns": 1754873580000000000, "symbol": "BIOUSDT", "type": "trade", "price": 0.1124, "volume": 94870.9, "side": "sell", "seq": 456}
{"timestamp_ns": 1754873640000000000, "symbol": "BIOUSDT", "type": "trade", "price": 0.1123, "volume": 185342.8, "side": "buy", "seq": 457}
{"timestamp_ns": 1754873700000000000, "symbol": "BIOUSDT", "type": "trade", "price": 0.1127, "volume": 145045.6, "side": "sell", "seq": 458}
{"timestamp_ns": 1754873760000000000, "symbol": "BIOUSDT", "type": "trade", "price": 0.1127, "volume": 104992.4, "side": "buy", "seq": 459}
{"timestamp_ns": 1754873820000000000, "symbol": "BIOUSDT", "type": "trade", "price": 0.1124, "volume": 23987.9, "side": "sell", "seq": 460}
{"timestamp_ns": 1754873820000999936, "symbol": "BIOUSDT", "type": "orderbook", "bids": [[0.1123, 100.0], [0.1122, 200.0]], "asks": [[0.1125, 100.0], [0.1126, 200.0]], "seq": 1000460}
{"timestamp_ns": 1754873880000000000, "symbol": "BIOUSDT", "type": "trade", "price": 0.1125, "volume": 171414.4, "side": "sell", "seq": 461}
{"timestamp_ns": 1754873940000000000, "symbol": "BIOUSDT", "type": "trade", "price": 0.1125, "volume": 74821.2, "side": "buy", "seq": 462}
{"timestamp_ns": 1754874000000000000, "symbol": "BIOUSDT", "type": "trade", "price": 0.1124, "volume": 198399.2, "side": "buy", "seq": 463}
{"timestamp_ns": 1754874060000000000, "symbol": "BIOUSDT", "type": "trade", "price": 0.113, "volume": 140679.9, "side": "sell", "seq": 464}
{"timestamp_ns": 1754874120000000000, "symbol": "BIOUSDT", "type": "trade", "price": 0.1132, "volume": 132261.7, "side": "sell", "seq": 465}
{"timestamp_ns": 1754874180000000000, "symbol": "BIOUSDT", "type": "trade", "price": 0.113, "volume": 487926.1, "side": "sell", "seq": 466}
{"timestamp_ns": 1754874240000000000, "symbol": "BIOUSDT", "type": "trade", "price": 0.1127, "volume": 118254.8, "side": "buy", "seq": 467}
{"timestamp_ns": 1754874300000000000, "symbol": "BIOUSDT", "type": "trade", "price": 0.1129, "volume": 103613.5, "side": "buy", "seq": 468}
{"timestamp_ns": 1754874360000000000, "symbol": "BIOUSDT", "type": "trade", "price": 0.113, "volume": 33660.1, "side": "sell", "seq": 469}
{"timestamp_ns": 1754874420000000000, "symbol": "BIOUSDT", "type": "trade", "price": 0.113, "volume": 37000.6, "side": "buy", "seq": 470}
{"timestamp_ns": 1754874420000999936, "symbol": "BIOUSDT", "type": "orderbook", "bids": [[0.1129, 100.0], [0.1128, 200.0]], "asks": [[0.1131, 100.0], [0.11320000000000001, 200.0]], "seq": 1000470}
{"timestamp_ns": 1754874480000000000, "symbol": "BIOUSDT", "type": "trade", "price": 0.1127, "volume": 34370.3, "side": "buy", "seq": 471}
{"timestamp_ns": 1754874540000000000, "symbol": "BIOUSDT", "type": "trade", "price": 0.1131, "volume": 383638.7, "side": "buy", "seq": 472}
{"timestamp_ns": 1754874600000000000, "symbol": "BIOUSDT", "type": "trade", "price": 0.1136, "volume": 73583.2, "side": "buy", "seq": 473}
{"timestamp_ns": 1754874660000000000, "symbol": "BIOUSDT", "type": "trade", "price": 0.114, "volume": 64093.9, "side": "buy", "seq": 474}
{"timestamp_ns": 1754874720000000000, "symbol": "BIOUSDT", "type": "trade", "price": 0.1142, "volume": 380522.2, "side": "sell", "seq": 475}
{"timestamp_ns": 1754874780000000000, "symbol": "BIOUSDT", "type": "trade", "price": 0.1144, "volume": 141797.4, "side": "buy", "seq": 476}
{"timestamp_ns": 1754874840000000000, "symbol": "BIOUSDT", "type": "trade", "price": 0.1145, "volume": 129519.2, "side": "sell", "seq": 477}
{"timestamp_ns": 1754874900000000000, "symbol": "BIOUSDT", "type": "trade", "price": 0.1132, "volume": 130054.8, "side": "buy", "seq": 478}
{"timestamp_ns": 1754874960000000000, "symbol": "BIOUSDT", "type": "trade", "price": 0.1137, "volume": 65872.7, "side": "buy", "seq": 479}
{"timestamp_ns": 1754875020000000000, "symbol": "BIOUSDT", "type": "trade", "price": 0.1138, "volume": 65832.3, "side": "sell", "seq": 480}
{"timestamp_ns": 1754875020000999936, "symbol": "BIOUSDT", "type": "orderbook", "bids": [[0.1137, 100.0], [0.11359999999999999, 200.0]], "asks": [[0.1139, 100.0], [0.114, 200.0]], "seq": 1000480}
{"timestamp_ns": 1754875080000000000, "symbol": "BIOUSDT", "type": "trade", "price": 0.1139, "volume": 36338.7, "side": "buy", "seq": 481}
{"timestamp_ns": 1754875140000000000, "symbol": "BIOUSDT", "type": "trade", "price": 0.1133, "volume": 39405.4, "side": "sell", "seq": 482}
{"timestamp_ns": 1754875200000000000, "symbol": "BIOUSDT", "type": "trade", "price": 0.1135, "volume": 67103.5, "side": "sell", "seq": 483}
{"timestamp_ns": 1754875260000000000, "symbol": "BIOUSDT", "type": "trade", "price": 0.1136, "volume": 61416.5, "side": "buy", "seq": 484}
{"timestamp_ns": 1754875320000000000, "symbol": "BIOUSDT", "type": "trade", "price": 0.1133, "volume": 9262.9, "side": "sell", "seq": 485}
{"timestamp_ns": 1754875380000000000, "symbol": "BIOUSDT", "type": "trade", "price": 0.1131, "volume": 78605.5, "side": "buy", "seq": 486}
{"timestamp_ns": 1754875440000000000, "symbol": "BIOUSDT", "type": "trade", "price": 0.1131, "volume": 44179.2, "side": "sell", "seq": 487}
{"timestamp_ns": 1754875500000000000, "symbol": "BIOUSDT", "type": "trade", "price": 0.1136, "volume": 43496.1, "side": "sell", "seq": 488}
{"timestamp_ns": 1754875560000000000, "symbol": "BIOUSDT", "type": "trade", "price": 0.1137, "volume": 50892.2, "side": "sell", "seq": 489}
{"timestamp_ns": 1754875620000000000, "symbol": "BIOUSDT", "type": "trade", "price": 0.1139, "volume": 30635.6, "side": "buy", "seq": 490}
{"timestamp_ns": 1754875620000999936, "symbol": "BIOUSDT", "type": "orderbook", "bids": [[0.1138, 100.0], [0.1137, 200.0]], "asks": [[0.114, 100.0], [0.11410000000000001, 200.0]], "seq": 1000490}
{"timestamp_ns": 1754875680000000000, "symbol": "BIOUSDT", "type": "trade", "price": 0.1139, "volume": 47030.1, "side": "sell", "seq": 491}
{"timestamp_ns": 1754875740000000000, "symbol": "BIOUSDT", "type": "trade", "price": 0.1135, "volume": 179019.5, "side": "sell", "seq": 492}
{"timestamp_ns": 1754875800000000000, "symbol": "BIOUSDT", "type": "trade", "price": 0.1139, "volume": 79097.0, "side": "sell", "seq": 493}
{"timestamp_ns": 1754875860000000000, "symbol": "BIOUSDT", "type": "trade", "price": 0.1144, "volume": 74719.1, "side": "sell", "seq": 494}
{"timestamp_ns": 1754875920000000000, "symbol": "BIOUSDT", "type": "trade", "price": 0.1149, "volume": 207904.1, "side": "sell", "seq": 495}
{"timestamp_ns": 1754875980000000000, "symbol": "BIOUSDT", "type": "trade", "price": 0.1149, "volume": 95203.2, "side": "buy", "seq": 496}
{"timestamp_ns": 1754876040000000000, "symbol": "BIOUSDT", "type": "trade", "price": 0.1149, "volume": 478551.8, "side": "sell", "seq": 497}
{"timestamp_ns": 1754876100000000000, "symbol": "BIOUSDT", "type": "trade", "price": 0.1153, "volume": 133098.4, "side": "buy", "seq": 498}
{"timestamp_ns": 1754876160000000000, "symbol": "BIOUSDT", "type": "trade", "price": 0.1153, "volume": 176741.5, "side": "sell", "seq": 499}
