{"timestamp_ns": 1754864040000000000, "symbol": "DOGEUSDT", "type": "trade", "price": 0.23263, "volume": 33849.0, "side": "sell", "seq": 0}
{"timestamp_ns": 1754864040000999936, "symbol": "DOGEUSDT", "type": "orderbook", "bids": [[0.23253000000000001, 100.0], [0.23243, 200.0]], "asks": [[0.23273, 100.0], [0.23283, 200.0]], "seq": 1000000}
{"timestamp_ns": 1754864100000000000, "symbol": "DOGEUSDT", "type": "trade", "price": 0.23278, "volume": 151664.0, "side": "buy", "seq": 1}
{"timestamp_ns": 1754864160000000000, "symbol": "DOGEUSDT", "type": "trade", "price": 0.23288, "volume": 84952.0, "side": "buy", "seq": 2}
{"timestamp_ns": 1754864220000000000, "symbol": "DOGEUSDT", "type": "trade", "price": 0.23295, "volume": 184490.0, "side": "sell", "seq": 3}
{"timestamp_ns": 1754864280000000000, "symbol": "DOGEUSDT", "type": "trade", "price": 0.23323, "volume": 200145.0, "side": "sell", "seq": 4}
{"timestamp_ns": 1754864340000000000, "symbol": "DOGEUSDT", "type": "trade", "price": 0.23336, "volume": 298371.0, "side": "buy", "seq": 5}
{"timestamp_ns": 1754864400000000000, "symbol": "DOGEUSDT", "type": "trade", "price": 0.23366, "volume": 859073.0, "side": "sell", "seq": 6}
{"timestamp_ns": 1754864460000000000, "symbol": "DOGEUSDT", "type": "trade", "price": 0.23391, "volume": 250657.0, "side": "sell", "seq": 7}
{"timestamp_ns": 1754864520000000000, "symbol": "DOGEUSDT", "type": "trade", "price": 0.23339, "volume": 267392.0, "side": "sell", "seq": 8}
{"timestamp_ns": 1754864580000000000, "symbol": "DOGEUSDT", "type": "trade", "price": 0.23367, "volume": 321055.0, "side": "sell", "seq": 9}
{"timestamp_ns": 1754864640000000000, "symbol": "DOGEUSDT", "type": "trade", "price": 0.23346, "volume": 40362.0, "side": "sell", "seq": 10}
{"timestamp_ns": 1754864640000999936, "symbol": "DOGEUSDT", "type": "orderbook", "bids": [[0.23336, 100.0], [0.23326, 200.0]], "asks": [[0.23356, 100.0], [0.23366, 200.0]], "seq": 1000010}
{"timestamp_ns": 1754864700000000000, "symbol": "DOGEUSDT", "type": "trade", "price": 0.23329, "volume": 163946.0, "side": "sell", "seq": 11}
{"timestamp_ns": 1754864760000000000, "symbol": "DOGEUSDT", "type": "trade", "price": 0.23337, "volume": 82058.0, "side": "buy", "seq": 12}
{"timestamp_ns": 1754864820000000000, "symbol": "DOGEUSDT", "type": "trade", "price": 0.23344, "volume": 81148.0, "side": "buy", "seq": 13}
{"timestamp_ns": 1754864880000000000, "symbol": "DOGEUSDT", "type": "trade", "price": 0.23341, "volume": 55540.0, "side": "sell", "seq": 14}
{"timestamp_ns": 1754864940000000000, "symbol": "DOGEUSDT", "type": "trade", "price": 0.23334, "volume": 85374.0, "side": "sell", "seq": 15}
{"timestamp_ns": 1754865000000000000, "symbol": "DOGEUSDT", "type": "trade", "price": 0.23347, "volume": 186568.0, "side": "sell", "seq": 16}
{"timestamp_ns": 1754865060000000000, "symbol": "DOGEUSDT", "type": "trade", "price": 0.2336, "volume": 139363.0, "side": "buy", "seq": 17}
{"timestamp_ns": 1754865120000000000, "symbol": "DOGEUSDT", "type": "trade", "price": 0.23355, "volume": 62014.0, "side": "sell", "seq": 18}
{"timestamp_ns": 1754865180000000000, "symbol": "DOGEUSDT", "type": "trade", "price": 0.2336, "volume": 102540.0, "side": "sell", "seq": 19}
{"timestamp_ns": 1754865240000000000, "symbol": "DOGEUSDT", "type": "trade", "price": 0.23372, "volume": 140625.0, "side": "sell", "seq": 20}
{"timestamp_ns": 1754865240000999936, "symbol": "DOGEUSDT", "type": "orderbook", "bids": [[0.23362000000000002, 100.0], [0.23352, 200.0]], "asks": [[0.23382, 100.0], [0.23392000000000002, 200.0]], "seq": 1000020}
{"timestamp_ns": 1754865300000000000, "symbol": "DOGEUSDT", "type": "trade", "price": 0.23386, "volume": 81429.0, "side": "buy", "seq": 21}
{"timestamp_ns": 1754865360000000000, "symbol": "DOGEUSDT", "type": "trade", "price": 0.23371, "volume": 55574.0, "side": "buy", "seq": 22}
{"timestamp_ns": 1754865420000000000, "symbol": "DOGEUSDT", "type": "trade", "price": 0.23369, "volume": 74002.0, "side": "buy", "seq": 23}
{"timestamp_ns": 1754865480000000000, "symbol": "DOGEUSDT", "type": "trade", "price": 0.23367, "volume": 187923.0, "side": "sell", "seq": 24}
{"timestamp_ns": 1754865540000000000, "symbol": "DOGEUSDT", "type": "trade", "price": 0.23335, "volume": 261439.0, "side": "buy", "seq": 25}
{"timestamp_ns": 1754865600000000000, "symbol": "DOGEUSDT", "type": "trade", "price": 0.2334, "volume": 384202.0, "side": "buy", "seq": 26}
{"timestamp_ns": 1754865660000000000, "symbol": "DOGEUSDT", "type": "trade", "price": 0.23354, "volume": 65844.0, "side": "sell", "seq": 27}
{"timestamp_ns": 1754865720000000000, "symbol": "DOGEUSDT", "type": "trade", "price": 0.23361, "volume": 49282.0, "side": "buy", "seq": 28}
{"timestamp_ns": 1754865780000000000, "symbol": "DOGEUSDT", "type": "trade", "price": 0.23348, "volume": 246915.0, "side": "sell", "seq": 29}
{"timestamp_ns": 1754865840000000000, "symbol": "DOGEUSDT", "type": "trade", "price": 0.23361, "volume": 195905.0, "side": "sell", "seq": 30}
{"timestamp_ns": 1754865840000999936, "symbol": "DOGEUSDT", "type": "orderbook", "bids": [[0.23351000000000002, 100.0], [0.23341, 200.0]], "asks": [[0.23371, 100.0], [0.23381000000000002, 200.0]], "seq": 1000030}
{"timestamp_ns": 1754865900000000000, "symbol": "DOGEUSDT", "type": "trade", "price": 0.23354, "volume": 33181.0, "side": "sell", "seq": 31}
{"timestamp_ns": 1754865960000000000, "symbol": "DOGEUSDT", "type": "trade", "price": 0.23346, "volume": 51028.0, "side": "sell", "seq": 32}
{"timestamp_ns": 1754866020000000000, "symbol": "DOGEUSDT", "type": "trade", "price": 0.23348, "volume": 43125.0, "side": "sell", "seq": 33}
{"timestamp_ns": 1754866080000000000, "symbol": "DOGEUSDT", "type": "trade", "price": 0.2334, "volume": 174435.0, "side": "buy", "seq": 34}
{"timestamp_ns": 1754866140000000000, "symbol": "DOGEUSDT", "type": "trade", "price": 0.23299, "volume": 273783.0, "side": "sell", "seq": 35}
{"timestamp_ns": 1754866200000000000, "symbol": "DOGEUSDT", "type": "trade", "price": 0.23318, "volume": 352984.0, "side": "sell", "seq": 36}
{"timestamp_ns": 1754866260000000000, "symbol": "DOGEUSDT", "type": "trade", "price": 0.23317, "volume": 105346.0, "side": "sell", "seq": 37}
{"timestamp_ns": 1754866320000000000, "symbol": "DOGEUSDT", "type": "trade", "price": 0.2333, "volume": 141968.0, "side": "sell", "seq": 38}
{"timestamp_ns": 1754866380000000000, "symbol": "DOGEUSDT", "type": "trade", "price": 0.2333, "volume": 27162.0, "side": "sell", "seq": 39}
{"timestamp_ns": 1754866440000000000, "symbol": "DOGEUSDT", "type": "trade", "price": 0.23314, "volume": 192967.0, "side": "sell", "seq": 40}
{"timestamp_ns": 1754866440000999936, "symbol": "DOGEUSDT", "type": "orderbook", "bids": [[0.23304, 100.0], [0.23293999999999998, 200.0]], "asks": [[0.23323999999999998, 100.0], [0.23334, 200.0]], "seq": 1000040}
{"timestamp_ns": 1754866500000000000, "symbol": "DOGEUSDT", "type": "trade", "price": 0.23323, "volume": 169816.0, "side": "buy", "seq": 41}
{"timestamp_ns": 1754866560000000000, "symbol": "DOGEUSDT", "type": "trade", "price": 0.23308, "volume": 341304.0, "side": "sell", "seq": 42}
{"timestamp_ns": 1754866620000000000, "symbol": "DOGEUSDT", "type": "trade", "price": 0.23325, "volume": 357496.0, "side": "sell", "seq": 43}
{"timestamp_ns": 1754866680000000000, "symbol": "DOGEUSDT", "type": "trade", "price": 0.23346, "volume": 69671.0, "side": "sell", "seq": 44}
{"timestamp_ns": 1754866740000000000, "symbol": "DOGEUSDT", "type": "trade", "price": 0.23378, "volume": 486474.0, "side": "sell", "seq": 45}
{"timestamp_ns": 1754866800000000000, "symbol": "DOGEUSDT", "type": "trade", "price": 0.23363, "volume": 337693.0, "side": "buy", "seq": 46}
{"timestamp_ns": 1754866860000000000, "symbol": "DOGEUSDT", "type": "trade", "price": 0.23383, "volume": 43593.0, "side": "sell", "seq": 47}
{"timestamp_ns": 1754866920000000000, "symbol": "DOGEUSDT", "type": "trade", "price": 0.23385, "volume": 385767.0, "side": "sell", "seq": 48}
{"timestamp_ns": 1754866980000000000, "symbol": "DOGEUSDT", "type": "trade", "price": 0.2342, "volume": 408474.0, "side": "buy", "seq": 49}
{"timestamp_ns": 1754867040000000000, "symbol": "DOGEUSDT", "type": "trade", "price": 0.23443, "volume": 306167.0, "side": "buy", "seq": 50}
{"timestamp_ns": 1754867040000999936, "symbol": "DOGEUSDT", "type": "orderbook", "bids": [[0.23433, 100.0], [0.23423, 200.0]], "asks": [[0.23453, 100.0], [0.23463, 200.0]], "seq": 1000050}
{"timestamp_ns": 1754867100000000000, "symbol": "DOGEUSDT", "type": "trade", "price": 0.23399, "volume": 310170.0, "side": "buy", "seq": 51}
{"timestamp_ns": 1754867160000000000, "symbol": "DOGEUSDT", "type": "trade", "price": 0.23421, "volume": 1291692.0, "side": "sell", "seq": 52}
{"timestamp_ns": 1754867220000000000, "symbol": "DOGEUSDT", "type": "trade", "price": 0.23406, "volume": 528021.0, "side": "buy", "seq": 53}
{"timestamp_ns": 1754867280000000000, "symbol": "DOGEUSDT", "type": "trade", "price": 0.23392, "volume": 697479.0, "side": "sell", "seq": 54}
{"timestamp_ns": 1754867340000000000, "symbol": "DOGEUSDT", "type": "trade", "price": 0.2338, "volume": 369942.0, "side": "sell", "seq": 55}
{"timestamp_ns": 1754867400000000000, "symbol": "DOGEUSDT", "type": "trade", "price": 0.23394, "volume": 156370.0, "side": "buy", "seq": 56}
{"timestamp_ns": 1754867460000000000, "symbol": "DOGEUSDT", "type": "trade", "price": 0.23371, "volume": 1382104.0, "side": "buy", "seq": 57}
{"timestamp_ns": 1754867520000000000, "symbol": "DOGEUSDT", "type": "trade", "price": 0.23374, "volume": 180311.0, "side": "buy", "seq": 58}
{"timestamp_ns": 1754867580000000000, "symbol": "DOGEUSDT", "type": "trade", "price": 0.23356, "volume": 239017.0, "side": "buy", "seq": 59}
{"timestamp_ns": 1754867640000000000, "symbol": "DOGEUSDT", "type": "trade", "price": 0.2334, "volume": 258443.0, "side": "buy", "seq": 60}
{"timestamp_ns": 1754867640000999936, "symbol": "DOGEUSDT", "type": "orderbook", "bids": [[0.2333, 100.0], [0.2332, 200.0]], "asks": [[0.23349999999999999, 100.0], [0.2336, 200.0]], "seq": 1000060}
{"timestamp_ns": 1754867700000000000, "symbol": "DOGEUSDT", "type": "trade", "price": 0.23328, "volume": 108725.0, "side": "buy", "seq": 61}
{"timestamp_ns": 1754867760000000000, "symbol": "DOGEUSDT", "type": "trade", "price": 0.23322, "volume": 199247.0, "side": "sell", "seq": 62}
{"timestamp_ns": 1754867820000000000, "symbol": "DOGEUSDT", "type": "trade", "price": 0.23309, "volume": 50458.0, "side": "buy", "seq": 63}
{"timestamp_ns": 1754867880000000000, "symbol": "DOGEUSDT", "type": "trade", "price": 0.23279, "volume": 366535.0, "side": "sell", "seq": 64}
{"timestamp_ns": 1754867940000000000, "symbol": "DOGEUSDT", "type": "trade", "price": 0.23267, "volume": 439934.0, "side": "buy", "seq": 65}
{"timestamp_ns": 1754868000000000000, "symbol": "DOGEUSDT", "type": "trade", "price": 0.23291, "volume": 147548.0, "side": "sell", "seq": 66}
{"timestamp_ns": 1754868060000000000, "symbol": "DOGEUSDT", "type": "trade", "price": 0.23267, "volume": 211128.0, "side": "sell", "seq": 67}
{"timestamp_ns": 1754868120000000000, "symbol": "DOGEUSDT", "type": "trade", "price": 0.23261, "volume": 232896.0, "side": "buy", "seq": 68}
{"timestamp_ns": 1754868180000000000, "symbol": "DOGEUSDT", "type": "trade", "price": 0.23285, "volume": 76375.0, "side": "sell", "seq": 69}
{"timestamp_ns": 1754868240000000000, "symbol": "DOGEUSDT", "type": "trade", "price": 0.23278, "volume": 196949.0, "side": "buy", "seq": 70}
{"timestamp_ns": 1754868240000999936, "symbol": "DOGEUSDT", "type": "orderbook", "bids": [[0.23268, 100.0], [0.23257999999999998, 200.0]], "asks": [[0.23287999999999998, 100.0], [0.23298, 200.0]], "seq": 1000070}
{"timestamp_ns": 1754868300000000000, "symbol": "DOGEUSDT", "type": "trade", "price": 0.2329, "volume": 148667.0, "side": "sell", "seq": 71}
{"timestamp_ns": 1754868360000000000, "symbol": "DOGEUSDT", "type": "trade", "price": 0.23279, "volume": 276864.0, "side": "sell", "seq": 72}
{"timestamp_ns": 1754868420000000000, "symbol": "DOGEUSDT", "type": "trade", "price": 0.23303, "volume": 146251.0, "side": "sell", "seq": 73}
{"timestamp_ns": 1754868480000000000, "symbol": "DOGEUSDT", "type": "trade", "price": 0.23323, "volume": 72723.0, "side": "buy", "seq": 74}
{"timestamp_ns": 1754868540000000000, "symbol": "DOGEUSDT", "type": "trade", "price": 0.23333, "volume": 142115.0, "side": "sell", "seq": 75}
{"timestamp_ns": 1754868600000000000, "symbol": "DOGEUSDT", "type": "trade", "price": 0.23348, "volume": 176897.0, "side": "buy", "seq": 76}
{"timestamp_ns": 1754868660000000000, "symbol": "DOGEUSDT", "type": "trade", "price": 0.23341, "volume": 101548.0, "side": "sell", "seq": 77}
{"timestamp_ns": 1754868720000000000, "symbol": "DOGEUSDT", "type": "trade", "price": 0.23345, "volume": 178025.0, "side": "buy", "seq": 78}
{"timestamp_ns": 1754868780000000000, "symbol": "DOGEUSDT", "type": "trade", "price": 0.23366, "volume": 124883.0, "side": "sell", "seq": 79}
{"timestamp_ns": 1754868840000000000, "symbol": "DOGEUSDT", "type": "trade", "price": 0.23363, "volume": 301543.0, "side": "buy", "seq": 80}
{"timestamp_ns": 1754868840000999936, "symbol": "DOGEUSDT", "type": "orderbook", "bids": [[0.23353000000000002, 100.0], [0.23343, 200.0]], "asks": [[0.23373, 100.0], [0.23383, 200.0]], "seq": 1000080}
{"timestamp_ns": 1754868900000000000, "symbol": "DOGEUSDT", "type": "trade", "price": 0.23343, "volume": 416726.0, "side": "buy", "seq": 81}
{"timestamp_ns": 1754868960000000000, "symbol": "DOGEUSDT", "type": "trade", "price": 0.2334, "volume": 294169.0, "side": "buy", "seq": 82}
{"timestamp_ns": 1754869020000000000, "symbol": "DOGEUSDT", "type": "trade", "price": 0.23334, "volume": 133425.0, "side": "sell", "seq": 83}
{"timestamp_ns": 1754869080000000000, "symbol": "DOGEUSDT", "type": "trade", "price": 0.23344, "volume": 27704.0, "side": "sell", "seq": 84}
{"timestamp_ns": 1754869140000000000, "symbol": "DOGEUSDT", "type": "trade", "price": 0.23344, "volume": 62371.0, "side": "buy", "seq": 85}
{"timestamp_ns": 1754869200000000000, "symbol": "DOGEUSDT", "type": "trade", "price": 0.23376, "volume": 125211.0, "side": "sell", "seq": 86}
{"timestamp_ns": 1754869260000000000, "symbol": "DOGEUSDT", "type": "trade", "price": 0.23383, "volume": 265653.0, "side": "sell", "seq": 87}
{"timestamp_ns": 1754869320000000000, "symbol": "DOGEUSDT", "type": "trade", "price": 0.23387, "volume": 105220.0, "side": "buy", "seq": 88}
{"timestamp_ns": 1754869380000000000, "symbol": "DOGEUSDT", "type": "trade", "price": 0.23385, "volume": 114926.0, "side": "sell", "seq": 89}
{"timestamp_ns": 1754869440000000000, "symbol": "DOGEUSDT", "type": "trade", "price": 0.23388, "volume": 89778.0, "side": "sell", "seq": 90}
{"timestamp_ns": 1754869440000999936, "symbol": "DOGEUSDT", "type": "orderbook", "bids": [[0.23378000000000002, 100.0], [0.23368, 200.0]], "asks": [[0.23398, 100.0], [0.23408, 200.0]], "seq": 1000090}
{"timestamp_ns": 1754869500000000000, "symbol": "DOGEUSDT", "type": "trade", "price": 0.23421, "volume": 383220.0, "side": "sell", "seq": 91}
{"timestamp_ns": 1754869560000000000, "symbol": "DOGEUSDT", "type": "trade", "price": 0.23403, "volume": 4548210.0, "side": "buy", "seq": 92}
{"timestamp_ns": 1754869620000000000, "symbol": "DOGEUSDT", "type": "trade", "price": 0.23388, "volume": 2361844.0, "side": "sell", "seq": 93}
{"timestamp_ns": 1754869680000000000, "symbol": "DOGEUSDT", "type": "trade", "price": 0.23398, "volume": 367709.0, "side": "sell", "seq": 94}
{"timestamp_ns": 1754869740000000000, "symbol": "DOGEUSDT", "type": "trade", "price": 0.23396, "volume": 109341.0, "side": "buy", "seq": 95}
{"timestamp_ns": 1754869800000000000, "symbol": "DOGEUSDT", "type": "trade", "price": 0.23405, "volume": 475458.0, "side": "buy", "seq": 96}
{"timestamp_ns": 1754869860000000000, "symbol": "DOGEUSDT", "type": "trade", "price": 0.23414, "volume": 182431.0, "side": "sell", "seq": 97}
{"timestamp_ns": 1754869920000000000, "symbol": "DOGEUSDT", "type": "trade", "price": 0.23412, "volume": 181693.0, "side": "buy", "seq": 98}
{"timestamp_ns": 1754869980000000000, "symbol": "DOGEUSDT", "type": "trade", "price": 0.23419, "volume": 34455.0, "side": "sell", "seq": 99}
{"timestamp_ns": 1754870040000000000, "symbol": "DOGEUSDT", "type": "trade", "price": 0.23415, "volume": 38705.0, "side": "sell", "seq": 100}
{"timestamp_ns": 1754870040000999936, "symbol": "DOGEUSDT", "type": "orderbook", "bids": [[0.23405, 100.0], [0.23395, 200.0]], "asks": [[0.23424999999999999, 100.0], [0.23435, 200.0]], "seq": 1000100}
{"timestamp_ns": 1754870100000000000, "symbol": "DOGEUSDT", "type": "trade", "price": 0.23407, "volume": 245316.0, "side": "sell", "seq": 101}
{"timestamp_ns": 1754870160000000000, "symbol": "DOGEUSDT", "type": "trade", "price": 0.23406, "volume": 112342.0, "side": "buy", "seq": 102}
{"timestamp_ns": 1754870220000000000, "symbol": "DOGEUSDT", "type": "trade", "price": 0.23404, "volume": 192173.0, "side": "buy", "seq": 103}
{"timestamp_ns": 1754870280000000000, "symbol": "DOGEUSDT", "type": "trade", "price": 0.23401, "volume": 1251359.0, "side": "buy", "seq": 104}
{"timestamp_ns": 1754870340000000000, "symbol": "DOGEUSDT", "type": "trade", "price": 0.23385, "volume": 515861.0, "side": "buy", "seq": 105}
{"timestamp_ns": 1754870400000000000, "symbol": "DOGEUSDT", "type": "trade", "price": 0.23356, "volume": 630279.0, "side": "buy", "seq": 106}
{"timestamp_ns": 1754870460000000000, "symbol": "DOGEUSDT", "type": "trade", "price": 0.23353, "volume": 307271.0, "side": "sell", "seq": 107}
{"timestamp_ns": 1754870520000000000, "symbol": "DOGEUSDT", "type": "trade", "price": 0.23364, "volume": 375754.0, "side": "sell", "seq": 108}
{"timestamp_ns": 1754870580000000000, "symbol": "DOGEUSDT", "type": "trade", "price": 0.23352, "volume": 212554.0, "side": "sell", "seq": 109}
{"timestamp_ns": 1754870640000000000, "symbol": "DOGEUSDT", "type": "trade", "price": 0.23317, "volume": 167404.0, "side": "sell", "seq": 110}
{"timestamp_ns": 1754870640000999936, "symbol": "DOGEUSDT", "type": "orderbook", "bids": [[0.23307, 100.0], [0.23296999999999998, 200.0]], "asks": [[0.23326999999999998, 100.0], [0.23337, 200.0]], "seq": 1000110}
{"timestamp_ns": 1754870700000000000, "symbol": "DOGEUSDT", "type": "trade", "price": 0.23312, "volume": 455418.0, "side": "sell", "seq": 111}
{"timestamp_ns": 1754870760000000000, "symbol": "DOGEUSDT", "type": "trade", "price": 0.23297, "volume": 1014445.0, "side": "sell", "seq": 112}
{"timestamp_ns": 1754870820000000000, "symbol": "DOGEUSDT", "type": "trade", "price": 0.23318, "volume": 434694.0, "side": "sell", "seq": 113}
{"timestamp_ns": 1754870880000000000, "symbol": "DOGEUSDT", "type": "trade", "price": 0.2331, "volume": 249305.0, "side": "buy", "seq": 114}
{"timestamp_ns": 1754870940000000000, "symbol": "DOGEUSDT", "type": "trade", "price": 0.23271, "volume": 395941.0, "side": "buy", "seq": 115}
{"timestamp_ns": 1754871000000000000, "symbol": "DOGEUSDT", "type": "trade", "price": 0.23259, "volume": 2756734.0, "side": "sell", "seq": 116}
{"timestamp_ns": 1754871060000000000, "symbol": "DOGEUSDT", "type": "trade", "price": 0.23265, "volume": 163932.0, "side": "buy", "seq": 117}
{"timestamp_ns": 1754871120000000000, "symbol": "DOGEUSDT", "type": "trade", "price": 0.23269, "volume": 172913.0, "side": "sell", "seq": 118}
{"timestamp_ns": 1754871180000000000, "symbol": "DOGEUSDT", "type": "trade", "price": 0.23279, "volume": 376396.0, "side": "buy", "seq": 119}
{"timestamp_ns": 1754871240000000000, "symbol": "DOGEUSDT", "type": "trade", "price": 0.23304, "volume": 343849.0, "side": "sell", "seq": 120}
{"timestamp_ns": 1754871240000999936, "symbol": "DOGEUSDT", "type": "orderbook", "bids": [[0.23294, 100.0], [0.23284, 200.0]], "asks": [[0.23314, 100.0], [0.23324, 200.0]], "seq": 1000120}
{"timestamp_ns": 1754871300000000000, "symbol": "DOGEUSDT", "type": "trade", "price": 0.23307, "volume": 75529.0, "side": "sell", "seq": 121}
{"timestamp_ns": 1754871360000000000, "symbol": "DOGEUSDT", "type": "trade", "price": 0.23357, "volume": 261003.0, "side": "buy", "seq": 122}
{"timestamp_ns": 1754871420000000000, "symbol": "DOGEUSDT", "type": "trade", "price": 0.2336, "volume": 386895.0, "side": "sell", "seq": 123}
{"timestamp_ns": 1754871480000000000, "symbol": "DOGEUSDT", "type": "trade", "price": 0.23386, "volume": 137590.0, "side": "buy", "seq": 124}
{"timestamp_ns": 1754871540000000000, "symbol": "DOGEUSDT", "type": "trade", "price": 0.23369, "volume": 1032889.0, "side": "buy", "seq": 125}
{"timestamp_ns": 1754871600000000000, "symbol": "DOGEUSDT", "type": "trade", "price": 0.23387, "volume": 161950.0, "side": "sell", "seq": 126}
{"timestamp_ns": 1754871660000000000, "symbol": "DOGEUSDT", "type": "trade", "price": 0.2337, "volume": 65971.0, "side": "buy", "seq": 127}
{"timestamp_ns": 1754871720000000000, "symbol": "DOGEUSDT", "type": "trade", "price": 0.23392, "volume": 879423.0, "side": "buy", "seq": 128}
{"timestamp_ns": 1754871780000000000, "symbol": "DOGEUSDT", "type": "trade", "price": 0.23388, "volume": 605266.0, "side": "buy", "seq": 129}
{"timestamp_ns": 1754871840000000000, "symbol": "DOGEUSDT", "type": "trade", "price": 0.23384, "volume": 652851.0, "side": "buy", "seq": 130}
{"timestamp_ns": 1754871840000999936, "symbol": "DOGEUSDT", "type": "orderbook", "bids": [[0.23374, 100.0], [0.23364, 200.0]], "asks": [[0.23393999999999998, 100.0], [0.23404, 200.0]], "seq": 1000130}
{"timestamp_ns": 1754871900000000000, "symbol": "DOGEUSDT", "type": "trade", "price": 0.23416, "volume": 1465392.0, "side": "buy", "seq": 131}
{"timestamp_ns": 1754871960000000000, "symbol": "DOGEUSDT", "type": "trade", "price": 0.23427, "volume": 464507.0, "side": "sell", "seq": 132}
{"timestamp_ns": 1754872020000000000, "symbol": "DOGEUSDT", "type": "trade", "price": 0.23445, "volume": 873229.0, "side": "buy", "seq": 133}
{"timestamp_ns": 1754872080000000000, "symbol": "DOGEUSDT", "type": "trade", "price": 0.23455, "volume": 405851.0, "side": "buy", "seq": 134}
{"timestamp_ns": 1754872140000000000, "symbol": "DOGEUSDT", "type": "trade", "price": 0.23464, "volume": 167908.0, "side": "sell", "seq": 135}
{"timestamp_ns": 1754872200000000000, "symbol": "DOGEUSDT", "type": "trade", "price": 0.23439, "volume": 692366.0, "side": "sell", "seq": 136}
{"timestamp_ns": 1754872260000000000, "symbol": "DOGEUSDT", "type": "trade", "price": 0.23462, "volume": 316643.0, "side": "buy", "seq": 137}
{"timestamp_ns": 1754872320000000000, "symbol": "DOGEUSDT", "type": "trade", "price": 0.2347, "volume": 1171760.0, "side": "sell", "seq": 138}
{"timestamp_ns": 1754872380000000000, "symbol": "DOGEUSDT", "type": "trade", "price": 0.23381, "volume": 371162.0, "side": "buy", "seq": 139}
{"timestamp_ns": 1754872440000000000, "symbol": "DOGEUSDT", "type": "trade", "price": 0.23432, "volume": 540231.0, "side": "buy", "seq": 140}
{"timestamp_ns": 1754872440000999936, "symbol": "DOGEUSDT", "type": "orderbook", "bids": [[0.23422, 100.0], [0.23412, 200.0]], "asks": [[0.23442, 100.0], [0.23452, 200.0]], "seq": 1000140}
{"timestamp_ns": 1754872500000000000, "symbol": "DOGEUSDT", "type": "trade", "price": 0.23425, "volume": 282972.0, "side": "sell", "seq": 141}
{"timestamp_ns": 1754872560000000000, "symbol": "DOGEUSDT", "type": "trade", "price": 0.23418, "volume": 185925.0, "side": "sell", "seq": 142}
{"timestamp_ns": 1754872620000000000, "symbol": "DOGEUSDT", "type": "trade", "price": 0.23367, "volume": 374875.0, "side": "sell", "seq": 143}
{"timestamp_ns": 1754872680000000000, "symbol": "DOGEUSDT", "type": "trade", "price": 0.2337, "volume": 598251.0, "side": "buy", "seq": 144}
{"timestamp_ns": 1754872740000000000, "symbol": "DOGEUSDT", "type": "trade", "price": 0.23386, "volume": 185921.0, "side": "buy", "seq": 145}
{"timestamp_ns": 1754872800000000000, "symbol": "DOGEUSDT", "type": "trade", "price": 0.23363, "volume": 305937.0, "side": "sell", "seq": 146}
{"timestamp_ns": 1754872860000000000, "symbol": "DOGEUSDT", "type": "trade", "price": 0.23373, "volume": 366795.0, "side": "sell", "seq": 147}
{"timestamp_ns": 1754872920000000000, "symbol": "DOGEUSDT", "type": "trade", "price": 0.23375, "volume": 220508.0, "side": "buy", "seq": 148}
{"timestamp_ns": 1754872980000000000, "symbol": "DOGEUSDT", "type": "trade", "price": 0.23366, "volume": 308710.0, "side": "sell", "seq": 149}
{"timestamp_ns": 1754873040000000000, "symbol": "DOGEUSDT", "type": "trade", "price": 0.23357, "volume": 157617.0, "side": "sell", "seq": 150}
{"timestamp_ns": 1754873040000999936, "symbol": "DOGEUSDT", "type": "orderbook", "bids": [[0.23347, 100.0], [0.23337, 200.0]], "asks": [[0.23367, 100.0], [0.23377, 200.0]], "seq": 1000150}
{"timestamp_ns": 1754873100000000000, "symbol": "DOGEUSDT", "type": "trade", "price": 0.23351, "volume": 351838.0, "side": "buy", "seq": 151}
{"timestamp_ns": 1754873160000000000, "symbol": "DOGEUSDT", "type": "trade", "price": 0.23346, "volume": 137861.0, "side": "sell", "seq": 152}
{"timestamp_ns": 1754873220000000000, "symbol": "DOGEUSDT", "type": "trade", "price": 0.23316, "volume": 176077.0, "side": "buy", "seq": 153}
{"timestamp_ns": 1754873280000000000, "symbol": "DOGEUSDT", "type": "trade", "price": 0.23315, "volume": 1258048.0, "side": "sell", "seq": 154}
{"timestamp_ns": 1754873340000000000, "symbol": "DOGEUSDT", "type": "trade", "price": 0.23307, "volume": 1039615.0, "side": "buy", "seq": 155}
{"timestamp_ns": 1754873400000000000, "symbol": "DOGEUSDT", "type": "trade", "price": 0.23344, "volume": 131682.0, "side": "buy", "seq": 156}
{"timestamp_ns": 1754873460000000000, "symbol": "DOGEUSDT", "type": "trade", "price": 0.23377, "volume": 346520.0, "side": "buy", "seq": 157}
{"timestamp_ns": 1754873520000000000, "symbol": "DOGEUSDT", "type": "trade", "price": 0.23384, "volume": 277807.0, "side": "buy", "seq": 158}
{"timestamp_ns": 1754873580000000000, "symbol": "DOGEUSDT", "type": "trade", "price": 0.23377, "volume": 242939.0, "side": "buy", "seq": 159}
{"timestamp_ns": 1754873640000000000, "symbol": "DOGEUSDT", "type": "trade", "price": 0.23376, "volume": 26491.0, "side": "buy", "seq": 160}
{"timestamp_ns": 1754873640000999936, "symbol": "DOGEUSDT", "type": "orderbook", "bids": [[0.23366, 100.0], [0.23356, 200.0]], "asks": [[0.23385999999999998, 100.0], [0.23396, 200.0]], "seq": 1000160}
{"timestamp_ns": 1754873700000000000, "symbol": "DOGEUSDT", "type": "trade", "price": 0.23384, "volume": 159247.0, "side": "buy", "seq": 161}
{"timestamp_ns": 1754873760000000000, "symbol": "DOGEUSDT", "type": "trade", "price": 0.2336, "volume": 111432.0, "side": "buy", "seq": 162}
{"timestamp_ns": 1754873820000000000, "symbol": "DOGEUSDT", "type": "trade", "price": 0.23342, "volume": 88998.0, "side": "buy", "seq": 163}
{"timestamp_ns": 1754873880000000000, "symbol": "DOGEUSDT", "type": "trade", "price": 0.2335, "volume": 200303.0, "side": "sell", "seq": 164}
{"timestamp_ns": 1754873940000000000, "symbol": "DOGEUSDT", "type": "trade", "price": 0.23309, "volume": 231441.0, "side": "sell", "seq": 165}
{"timestamp_ns": 1754874000000000000, "symbol": "DOGEUSDT", "type": "trade", "price": 0.23287, "volume": 311594.0, "side": "sell", "seq": 166}
{"timestamp_ns": 1754874060000000000, "symbol": "DOGEUSDT", "type": "trade", "price": 0.23292, "volume": 542551.0, "side": "buy", "seq": 167}
{"timestamp_ns": 1754874120000000000, "symbol": "DOGEUSDT", "type": "trade", "price": 0.23287, "volume": 182368.0, "side": "sell", "seq": 168}
{"timestamp_ns": 1754874180000000000, "symbol": "DOGEUSDT", "type": "trade", "price": 0.23317, "volume": 130874.0, "side": "sell", "seq": 169}
{"timestamp_ns": 1754874240000000000, "symbol": "DOGEUSDT", "type": "trade", "price": 0.23298, "volume": 221271.0, "side": "sell", "seq": 170}
{"timestamp_ns": 1754874240000999936, "symbol": "DOGEUSDT", "type": "orderbook", "bids": [[0.23288, 100.0], [0.23278, 200.0]], "asks": [[0.23307999999999998, 100.0], [0.23318, 200.0]], "seq": 1000170}
{"timestamp_ns": 1754874300000000000, "symbol": "DOGEUSDT", "type": "trade", "price": 0.2332, "volume": 708204.0, "side": "buy", "seq": 171}
{"timestamp_ns": 1754874360000000000, "symbol": "DOGEUSDT", "type": "trade", "price": 0.23346, "volume": 41622.0, "side": "buy", "seq": 172}
{"timestamp_ns": 1754874420000000000, "symbol": "DOGEUSDT", "type": "trade", "price": 0.2333, "volume": 401610.0, "side": "sell", "seq": 173}
{"timestamp_ns": 1754874480000000000, "symbol": "DOGEUSDT", "type": "trade", "price": 0.23312, "volume": 110451.0, "side": "buy", "seq": 174}
{"timestamp_ns": 1754874540000000000, "symbol": "DOGEUSDT", "type": "trade", "price": 0.23326, "volume": 190634.0, "side": "buy", "seq": 175}
{"timestamp_ns": 1754874600000000000, "symbol": "DOGEUSDT", "type": "trade", "price": 0.2334, "volume": 471144.0, "side": "sell", "seq": 176}
{"timestamp_ns": 1754874660000000000, "symbol": "DOGEUSDT", "type": "trade", "price": 0.2336, "volume": 157841.0, "side": "buy", "seq": 177}
{"timestamp_ns": 1754874720000000000, "symbol": "DOGEUSDT", "type": "trade", "price": 0.23417, "volume": 700361.0, "side": "buy", "seq": 178}
{"timestamp_ns": 1754874780000000000, "symbol": "DOGEUSDT", "type": "trade", "price": 0.2344, "volume": 290261.0, "side": "sell", "seq": 179}
{"timestamp_ns": 1754874840000000000, "symbol": "DOGEUSDT", "type": "trade", "price": 0.23419, "volume": 164368.0, "side": "sell", "seq": 180}
{"timestamp_ns": 1754874840000999936, "symbol": "DOGEUSDT", "type": "orderbook", "bids": [[0.23409000000000002, 100.0], [0.23399, 200.0]], "asks": [[0.23429, 100.0], [0.23439000000000002, 200.0]], "seq": 1000180}
{"timestamp_ns": 1754874900000000000, "symbol": "DOGEUSDT", "type": "trade", "price": 0.23425, "volume": 445127.0, "side": "sell", "seq": 181}
{"timestamp_ns": 1754874960000000000, "symbol": "DOGEUSDT", "type": "trade", "price": 0.2344, "volume": 238381.0, "side": "buy", "seq": 182}
{"timestamp_ns": 1754875020000000000, "symbol": "DOGEUSDT", "type": "trade", "price": 0.23411, "volume": 225151.0, "side": "sell", "seq": 183}
{"timestamp_ns": 1754875080000000000, "symbol": "DOGEUSDT", "type": "trade", "price": 0.23421, "volume": 584199.0, "side": "buy", "seq": 184}
{"timestamp_ns": 1754875140000000000, "symbol": "DOGEUSDT", "type": "trade", "price": 0.23433, "volume": 277196.0, "side": "buy", "seq": 185}
{"timestamp_ns": 1754875200000000000, "symbol": "DOGEUSDT", "type": "trade", "price": 0.23412, "volume": 402109.0, "side": "buy", "seq": 186}
{"timestamp_ns": 1754875260000000000, "symbol": "DOGEUSDT", "type": "trade", "price": 0.23401, "volume": 120492.0, "side": "buy", "seq": 187}
{"timestamp_ns": 1754875320000000000, "symbol": "DOGEUSDT", "type": "trade", "price": 0.23403, "volume": 359670.0, "side": "sell", "seq": 188}
{"timestamp_ns": 1754875380000000000, "symbol": "DOGEUSDT", "type": "trade", "price": 0.23425, "volume": 484925.0, "side": "sell", "seq": 189}
{"timestamp_ns": 1754875440000000000, "symbol": "DOGEUSDT", "type": "trade", "price": 0.23431, "volume": 154435.0, "side": "sell", "seq": 190}
{"timestamp_ns": 1754875440000999936, "symbol": "DOGEUSDT", "type": "orderbook", "bids": [[0.23421, 100.0], [0.23410999999999998, 200.0]], "asks": [[0.23440999999999998, 100.0], [0.23451, 200.0]], "seq": 1000190}
{"timestamp_ns": 1754875500000000000, "symbol": "DOGEUSDT", "type": "trade", "price": 0.23495, "volume": 877124.0, "side": "buy", "seq": 191}
{"timestamp_ns": 1754875560000000000, "symbol": "DOGEUSDT", "type": "trade", "price": 0.23507, "volume": 2574679.0, "side": "buy", "seq": 192}
{"timestamp_ns": 1754875620000000000, "symbol": "DOGEUSDT", "type": "trade", "price": 0.2354, "volume": 1309814.0, "side": "buy", "seq": 193}
{"timestamp_ns": 1754875680000000000, "symbol": "DOGEUSDT", "type": "trade", "price": 0.23531, "volume": 1024172.0, "side": "buy", "seq": 194}
{"timestamp_ns": 1754875740000000000, "symbol": "DOGEUSDT", "type": "trade", "price": 0.23537, "volume": 592197.0, "side": "buy", "seq": 195}
{"timestamp_ns": 1754875800000000000, "symbol": "DOGEUSDT", "type": "trade", "price": 0.23565, "volume": 478530.0, "side": "buy", "seq": 196}
{"timestamp_ns": 1754875860000000000, "symbol": "DOGEUSDT", "type": "trade", "price": 0.23614, "volume": 1684668.0, "side": "sell", "seq": 197}
{"timestamp_ns": 1754875920000000000, "symbol": "DOGEUSDT", "type": "trade", "price": 0.23652, "volume": 1805901.0, "side": "sell", "seq": 198}
{"timestamp_ns": 1754875980000000000, "symbol": "DOGEUSDT", "type": "trade", "price": 0.23638, "volume": 2011435.0, "side": "sell", "seq": 199}
{"timestamp_ns": 1754876040000000000, "symbol": "DOGEUSDT", "type": "trade", "price": 0.23641, "volume": 2690978.0, "side": "buy", "seq": 200}
{"timestamp_ns": 1754876040000999936, "symbol": "DOGEUSDT", "type": "orderbook", "bids": [[0.23631000000000002, 100.0], [0.23621, 200.0]], "asks": [[0.23651, 100.0], [0.23661000000000001, 200.0]], "seq": 1000200}
{"timestamp_ns": 1754876100000000000, "symbol": "DOGEUSDT", "type": "trade", "price": 0.23645, "volume": 855097.0, "side": "sell", "seq": 201}
{"timestamp_ns": 1754876160000000000, "symbol": "DOGEUSDT", "type": "trade", "price": 0.23593, "volume": 5645498.0, "side": "buy", "seq": 202}
{"timestamp_ns": 1754876220000000000, "symbol": "DOGEUSDT", "type": "trade", "price": 0.23584, "volume": 1941961.0, "side": "sell", "seq": 203}
{"timestamp_ns": 1754876280000000000, "symbol": "DOGEUSDT", "type": "trade", "price": 0.23616, "volume": 1969585.0, "side": "buy", "seq": 204}
{"timestamp_ns": 1754876340000000000, "symbol": "DOGEUSDT", "type": "trade", "price": 0.23653, "volume": 209088.0, "side": "buy", "seq": 205}
{"timestamp_ns": 1754876400000000000, "symbol": "DOGEUSDT", "type": "trade", "price": 0.23654, "volume": 1060682.0, "side": "buy", "seq": 206}
{"timestamp_ns": 1754876460000000000, "symbol": "DOGEUSDT", "type": "trade", "price": 0.23649, "volume": 954593.0, "side": "sell", "seq": 207}
{"timestamp_ns": 1754876520000000000, "symbol": "DOGEUSDT", "type": "trade", "price": 0.2362, "volume": 796445.0, "side": "sell", "seq": 208}
{"timestamp_ns": 1754876580000000000, "symbol": "DOGEUSDT", "type": "trade", "price": 0.23628, "volume": 971751.0, "side": "sell", "seq": 209}
{"timestamp_ns": 1754876640000000000, "symbol": "DOGEUSDT", "type": "trade", "price": 0.23622, "volume": 393514.0, "side": "sell", "seq": 210}
{"timestamp_ns": 1754876640000999936, "symbol": "DOGEUSDT", "type": "orderbook", "bids": [[0.23612000000000002, 100.0], [0.23602, 200.0]], "asks": [[0.23632, 100.0], [0.23642000000000002, 200.0]], "seq": 1000210}
{"timestamp_ns": 1754876700000000000, "symbol": "DOGEUSDT", "type": "trade", "price": 0.23588, "volume": 298366.0, "side": "buy", "seq": 211}
{"timestamp_ns": 1754876760000000000, "symbol": "DOGEUSDT", "type": "trade", "price": 0.23562, "volume": 438883.0, "side": "buy", "seq": 212}
{"timestamp_ns": 1754876820000000000, "symbol": "DOGEUSDT", "type": "trade", "price": 0.23581, "volume": 3445861.0, "side": "buy", "seq": 213}
{"timestamp_ns": 1754876880000000000, "symbol": "DOGEUSDT", "type": "trade", "price": 0.23595, "volume": 567342.0, "side": "buy", "seq": 214}
{"timestamp_ns": 1754876940000000000, "symbol": "DOGEUSDT", "type": "trade", "price": 0.236, "volume": 557359.0, "side": "buy", "seq": 215}
{"timestamp_ns": 1754877000000000000, "symbol": "DOGEUSDT", "type": "trade", "price": 0.2362, "volume": 463248.0, "side": "buy", "seq": 216}
{"timestamp_ns": 1754877060000000000, "symbol": "DOGEUSDT", "type": "trade", "price": 0.23582, "volume": 396723.0, "side": "buy", "seq": 217}
{"timestamp_ns": 1754877120000000000, "symbol": "DOGEUSDT", "type": "trade", "price": 0.23563, "volume": 411465.0, "side": "sell", "seq": 218}
{"timestamp_ns": 1754877180000000000, "symbol": "DOGEUSDT", "type": "trade", "price": 0.23579, "volume": 991955.0, "side": "sell", "seq": 219}
{"timestamp_ns": 1754877240000000000, "symbol": "DOGEUSDT", "type": "trade", "price": 0.23564, "volume": 904818.0, "side": "sell", "seq": 220}
{"timestamp_ns": 1754877240000999936, "symbol": "DOGEUSDT", "type": "orderbook", "bids": [[0.23554, 100.0], [0.23543999999999998, 200.0]], "asks": [[0.23573999999999998, 100.0], [0.23584, 200.0]], "seq": 1000220}
{"timestamp_ns": 1754877300000000000, "symbol": "DOGEUSDT", "type": "trade", "price": 0.23593, "volume": 904286.0, "side": "buy", "seq": 221}
{"timestamp_ns": 1754877360000000000, "symbol": "DOGEUSDT", "type": "trade", "price": 0.23575, "volume": 630365.0, "side": "sell", "seq": 222}
{"timestamp_ns": 1754877420000000000, "symbol": "DOGEUSDT", "type": "trade", "price": 0.23601, "volume": 341229.0, "side": "buy", "seq": 223}
{"timestamp_ns": 1754877480000000000, "symbol": "DOGEUSDT", "type": "trade", "price": 0.23601, "volume": 564528.0, "side": "buy", "seq": 224}
{"timestamp_ns": 1754877540000000000, "symbol": "DOGEUSDT", "type": "trade", "price": 0.23614, "volume": 2126157.0, "side": "buy", "seq": 225}
{"timestamp_ns": 1754877600000000000, "symbol": "DOGEUSDT", "type": "trade", "price": 0.23702, "volume": 7803116.0, "side": "sell", "seq": 226}
{"timestamp_ns": 1754877660000000000, "symbol": "DOGEUSDT", "type": "trade", "price": 0.23756, "volume": 3728651.0, "side": "buy", "seq": 227}
{"timestamp_ns": 1754877720000000000, "symbol": "DOGEUSDT", "type": "trade", "price": 0.23769, "volume": 3707362.0, "side": "sell", "seq": 228}
{"timestamp_ns": 1754877780000000000, "symbol": "DOGEUSDT", "type": "trade", "price": 0.23777, "volume": 2656650.0, "side": "sell", "seq": 229}
{"timestamp_ns": 1754877840000000000, "symbol": "DOGEUSDT", "type": "trade", "price": 0.23778, "volume": 5043468.0, "side": "sell", "seq": 230}
{"timestamp_ns": 1754877840000999936, "symbol": "DOGEUSDT", "type": "orderbook", "bids": [[0.23768, 100.0], [0.23757999999999999, 200.0]], "asks": [[0.23787999999999998, 100.0], [0.23798, 200.0]], "seq": 1000230}
{"timestamp_ns": 1754877900000000000, "symbol": "DOGEUSDT", "type": "trade", "price": 0.23777, "volume": 1711113.0, "side": "buy", "seq": 231}
{"timestamp_ns": 1754877960000000000, "symbol": "DOGEUSDT", "type": "trade", "price": 0.23786, "volume": 3667719.0, "side": "sell", "seq": 232}
{"timestamp_ns": 1754878020000000000, "symbol": "DOGEUSDT", "type": "trade", "price": 0.23802, "volume": 1356189.0, "side": "sell", "seq": 233}
{"timestamp_ns": 1754878080000000000, "symbol": "DOGEUSDT", "type": "trade", "price": 0.23808, "volume": 1733592.0, "side": "sell", "seq": 234}
{"timestamp_ns": 1754878140000000000, "symbol": "DOGEUSDT", "type": "trade", "price": 0.23788, "volume": 705893.0, "side": "sell", "seq": 235}
{"timestamp_ns": 1754878200000000000, "symbol": "DOGEUSDT", "type": "trade", "price": 0.23784, "volume": 1269520.0, "side": "buy", "seq": 236}
{"timestamp_ns": 1754878260000000000, "symbol": "DOGEUSDT", "type": "trade", "price": 0.23808, "volume": 1285281.0, "side": "sell", "seq": 237}
{"timestamp_ns": 1754878320000000000, "symbol": "DOGEUSDT", "type": "trade", "price": 0.23833, "volume": 591238.0, "side": "sell", "seq": 238}
{"timestamp_ns": 1754878380000000000, "symbol": "DOGEUSDT", "type": "trade", "price": 0.23849, "volume": 410386.0, "side": "sell", "seq": 239}
{"timestamp_ns": 1754878440000000000, "symbol": "DOGEUSDT", "type": "trade", "price": 0.23862, "volume": 8291720.0, "side": "buy", "seq": 240}
{"timestamp_ns": 1754878440000999936, "symbol": "DOGEUSDT", "type": "orderbook", "bids": [[0.23852, 100.0], [0.23842, 200.0]], "asks": [[0.23872, 100.0], [0.23882, 200.0]], "seq": 1000240}
{"timestamp_ns": 1754878500000000000, "symbol": "DOGEUSDT", "type": "trade", "price": 0.23849, "volume": 1087267.0, "side": "sell", "seq": 241}
{"timestamp_ns": 1754878560000000000, "symbol": "DOGEUSDT", "type": "trade", "price": 0.23909, "volume": 1563484.0, "side": "sell", "seq": 242}
{"timestamp_ns": 1754878620000000000, "symbol": "DOGEUSDT", "type": "trade", "price": 0.23917, "volume": 2863613.0, "side": "buy", "seq": 243}
{"timestamp_ns": 1754878680000000000, "symbol": "DOGEUSDT", "type": "trade", "price": 0.23912, "volume": 1522585.0, "side": "buy", "seq": 244}
{"timestamp_ns": 1754878740000000000, "symbol": "DOGEUSDT", "type": "trade", "price": 0.23923, "volume": 1111886.0, "side": "buy", "seq": 245}
{"timestamp_ns": 1754878800000000000, "symbol": "DOGEUSDT", "type": "trade", "price": 0.23927, "volume": 969718.0, "side": "sell", "seq": 246}
{"timestamp_ns": 1754878860000000000, "symbol": "DOGEUSDT", "type": "trade", "price": 0.23853, "volume": 4572326.0, "side": "sell", "seq": 247}
{"timestamp_ns": 1754878920000000000, "symbol": "DOGEUSDT", "type": "trade", "price": 0.23878, "volume": 1608191.0, "side": "buy", "seq": 248}
{"timestamp_ns": 1754878980000000000, "symbol": "DOGEUSDT", "type": "trade", "price": 0.23913, "volume": 7073898.0, "side": "buy", "seq": 249}
{"timestamp_ns": 1754879040000000000, "symbol": "DOGEUSDT", "type": "trade", "price": 0.23909, "volume": 2213872.0, "side": "buy", "seq": 250}
{"timestamp_ns": 1754879040000999936, "symbol": "DOGEUSDT", "type": "orderbook", "bids": [[0.23899, 100.0], [0.23889, 200.0]], "asks": [[0.23918999999999999, 100.0], [0.23929, 200.0]], "seq": 1000250}
{"timestamp_ns": 1754879100000000000, "symbol": "DOGEUSDT", "type": "trade", "price": 0.23853, "volume": 1605446.0, "side": "buy", "seq": 251}
{"timestamp_ns": 1754879160000000000, "symbol": "DOGEUSDT", "type": "trade", "price": 0.23813, "volume": 1738667.0, "side": "buy", "seq": 252}
{"timestamp_ns": 1754879220000000000, "symbol": "DOGEUSDT", "type": "trade", "price": 0.23848, "volume": 1457453.0, "side": "sell", "seq": 253}
{"timestamp_ns": 1754879280000000000, "symbol": "DOGEUSDT", "type": "trade", "price": 0.23888, "volume": 4427856.0, "side": "buy", "seq": 254}
{"timestamp_ns": 1754879340000000000, "symbol": "DOGEUSDT", "type": "trade", "price": 0.23896, "volume": 991435.0, "side": "sell", "seq": 255}
{"timestamp_ns": 1754879400000000000, "symbol": "DOGEUSDT", "type": "trade", "price": 0.23851, "volume": 1028788.0, "side": "sell", "seq": 256}
{"timestamp_ns": 1754879460000000000, "symbol": "DOGEUSDT", "type": "trade", "price": 0.23869, "volume": 538051.0, "side": "buy", "seq": 257}
{"timestamp_ns": 1754879520000000000, "symbol": "DOGEUSDT", "type": "trade", "price": 0.23891, "volume": 1003942.0, "side": "buy", "seq": 258}
{"timestamp_ns": 1754879580000000000, "symbol": "DOGEUSDT", "type": "trade", "price": 0.23887, "volume": 360349.0, "side": "buy", "seq": 259}
{"timestamp_ns": 1754879640000000000, "symbol": "DOGEUSDT", "type": "trade", "price": 0.23933, "volume": 3626197.0, "side": "buy", "seq": 260}
{"timestamp_ns": 1754879640000999936, "symbol": "DOGEUSDT", "type": "orderbook", "bids": [[0.23923, 100.0], [0.23912999999999998, 200.0]], "asks": [[0.23942999999999998, 100.0], [0.23953, 200.0]], "seq": 1000260}
{"timestamp_ns": 1754879700000000000, "symbol": "DOGEUSDT", "type": "trade", "price": 0.23999, "volume": 4667830.0, "side": "sell", "seq": 261}
{"timestamp_ns": 1754879760000000000, "symbol": "DOGEUSDT", "type": "trade", "price": 0.23995, "volume": 5665371.0, "side": "buy", "seq": 262}
{"timestamp_ns": 1754879820000000000, "symbol": "DOGEUSDT", "type": "trade", "price": 0.24005, "volume": 887409.0, "side": "sell", "seq": 263}
{"timestamp_ns": 1754879880000000000, "symbol": "DOGEUSDT", "type": "trade", "price": 0.24014, "volume": 1758354.0, "side": "sell", "seq": 264}
{"timestamp_ns": 1754879940000000000, "symbol": "DOGEUSDT", "type": "trade", "price": 0.24088, "volume": 4596927.0, "side": "sell", "seq": 265}
{"timestamp_ns": 1754880000000000000, "symbol": "DOGEUSDT", "type": "trade", "price": 0.24099, "volume": 2695753.0, "side": "sell", "seq": 266}
{"timestamp_ns": 1754880060000000000, "symbol": "DOGEUSDT", "type": "trade", "price": 0.2409, "volume": 2803805.0, "side": "buy", "seq": 267}
{"timestamp_ns": 1754880120000000000, "symbol": "DOGEUSDT", "type": "trade", "price": 0.241, "volume": 2661854.0, "side": "buy", "seq": 268}
{"timestamp_ns": 1754880180000000000, "symbol": "DOGEUSDT", "type": "trade", "price": 0.24073, "volume": 1031339.0, "side": "sell", "seq": 269}
{"timestamp_ns": 1754880240000000000, "symbol": "DOGEUSDT", "type": "trade", "price": 0.2408, "volume": 1863840.0, "side": "buy", "seq": 270}
{"timestamp_ns": 1754880240000999936, "symbol": "DOGEUSDT", "type": "orderbook", "bids": [[0.2407, 100.0], [0.24059999999999998, 200.0]], "asks": [[0.24089999999999998, 100.0], [0.241, 200.0]], "seq": 1000270}
{"timestamp_ns": 1754880300000000000, "symbol": "DOGEUSDT", "type": "trade", "price": 0.24043, "volume": 1831355.0, "side": "buy", "seq": 271}
{"timestamp_ns": 1754880360000000000, "symbol": "DOGEUSDT", "type": "trade", "price": 0.24056, "volume": 1017221.0, "side": "buy", "seq": 272}
{"timestamp_ns": 1754880420000000000, "symbol": "DOGEUSDT", "type": "trade", "price": 0.24087, "volume": 357039.0, "side": "buy", "seq": 273}
{"timestamp_ns": 1754880480000000000, "symbol": "DOGEUSDT", "type": "trade", "price": 0.24108, "volume": 511388.0, "side": "sell", "seq": 274}
{"timestamp_ns": 1754880540000000000, "symbol": "DOGEUSDT", "type": "trade", "price": 0.24095, "volume": 749021.0, "side": "buy", "seq": 275}
{"timestamp_ns": 1754880600000000000, "symbol": "DOGEUSDT", "type": "trade", "price": 0.24094, "volume": 999437.0, "side": "buy", "seq": 276}
{"timestamp_ns": 1754880660000000000, "symbol": "DOGEUSDT", "type": "trade", "price": 0.2412, "volume": 2127772.0, "side": "sell", "seq": 277}
{"timestamp_ns": 1754880720000000000, "symbol": "DOGEUSDT", "type": "trade", "price": 0.24147, "volume": 1396015.0, "side": "sell", "seq": 278}
{"timestamp_ns": 1754880780000000000, "symbol": "DOGEUSDT", "type": "trade", "price": 0.24167, "volume": 2211597.0, "side": "sell", "seq": 279}
{"timestamp_ns": 1754880840000000000, "symbol": "DOGEUSDT", "type": "trade", "price": 0.24168, "volume": 2115161.0, "side": "sell", "seq": 280}
{"timestamp_ns": 1754880840000999936, "symbol": "DOGEUSDT", "type": "orderbook", "bids": [[0.24158000000000002, 100.0], [0.24148, 200.0]], "asks": [[0.24178, 100.0], [0.24188, 200.0]], "seq": 1000280}
{"timestamp_ns": 1754880900000000000, "symbol": "DOGEUSDT", "type": "trade", "price": 0.24135, "volume": 2505379.0, "side": "buy", "seq": 281}
{"timestamp_ns": 1754880960000000000, "symbol": "DOGEUSDT", "type": "trade", "price": 0.24116, "volume": 1638217.0, "side": "sell", "seq": 282}
{"timestamp_ns": 1754881020000000000, "symbol": "DOGEUSDT", "type": "trade", "price": 0.24089, "volume": 2725657.0, "side": "buy", "seq": 283}
{"timestamp_ns": 1754881080000000000, "symbol": "DOGEUSDT", "type": "trade", "price": 0.24052, "volume": 756450.0, "side": "buy", "seq": 284}
{"timestamp_ns": 1754881140000000000, "symbol": "DOGEUSDT", "type": "trade", "price": 0.24052, "volume": 1163274.0, "side": "sell", "seq": 285}
{"timestamp_ns": 1754881200000000000, "symbol": "DOGEUSDT", "type": "trade", "price": 0.24, "volume": 4745219.0, "side": "buy", "seq": 286}
{"timestamp_ns": 1754881260000000000, "symbol": "DOGEUSDT", "type": "trade", "price": 0.23984, "volume": 1441191.0, "side": "buy", "seq": 287}
{"timestamp_ns": 1754881320000000000, "symbol": "DOGEUSDT", "type": "trade", "price": 0.23968, "volume": 1852710.0, "side": "sell", "seq": 288}
{"timestamp_ns": 1754881380000000000, "symbol": "DOGEUSDT", "type": "trade", "price": 0.23945, "volume": 3273393.0, "side": "buy", "seq": 289}
{"timestamp_ns": 1754881440000000000, "symbol": "DOGEUSDT", "type": "trade", "price": 0.23925, "volume": 2431970.0, "side": "buy", "seq": 290}
{"timestamp_ns": 1754881440000999936, "symbol": "DOGEUSDT", "type": "orderbook", "bids": [[0.23915, 100.0], [0.23904999999999998, 200.0]], "asks": [[0.23934999999999998, 100.0], [0.23945, 200.0]], "seq": 1000290}
{"timestamp_ns": 1754881500000000000, "symbol": "DOGEUSDT", "type": "trade", "price": 0.23865, "volume": 2507523.0, "side": "buy", "seq": 291}
{"timestamp_ns": 1754881560000000000, "symbol": "DOGEUSDT", "type": "trade", "price": 0.2392, "volume": 3533842.0, "side": "buy", "seq": 292}
{"timestamp_ns": 1754881620000000000, "symbol": "DOGEUSDT", "type": "trade", "price": 0.23895, "volume": 729627.0, "side": "sell", "seq": 293}
{"timestamp_ns": 1754881680000000000, "symbol": "DOGEUSDT", "type": "trade", "price": 0.23929, "volume": 2858038.0, "side": "sell", "seq": 294}
{"timestamp_ns": 1754881740000000000, "symbol": "DOGEUSDT", "type": "trade", "price": 0.23936, "volume": 720891.0, "side": "buy", "seq": 295}
{"timestamp_ns": 1754881800000000000, "symbol": "DOGEUSDT", "type": "trade", "price": 0.23914, "volume": 1015724.0, "side": "sell", "seq": 296}
{"timestamp_ns": 1754881860000000000, "symbol": "DOGEUSDT", "type": "trade", "price": 0.23945, "volume": 413337.0, "side": "sell", "seq": 297}
{"timestamp_ns": 1754881920000000000, "symbol": "DOGEUSDT", "type": "trade", "price": 0.23941, "volume": 583052.0, "side": "sell", "seq": 298}
{"timestamp_ns": 1754881980000000000, "symbol": "DOGEUSDT", "type": "trade", "price": 0.2395, "volume": 285375.0, "side": "sell", "seq": 299}
{"timestamp_ns": 1754882040000000000, "symbol": "DOGEUSDT", "type": "trade", "price": 0.23941, "volume": 798686.0, "side": "buy", "seq": 300}
{"timestamp_ns": 1754882040000999936, "symbol": "DOGEUSDT", "type": "orderbook", "bids": [[0.23931000000000002, 100.0], [0.23921, 200.0]], "asks": [[0.23951, 100.0], [0.23961000000000002, 200.0]], "seq": 1000300}
{"timestamp_ns": 1754882100000000000, "symbol": "DOGEUSDT", "type": "trade", "price": 0.23901, "volume": 806268.0, "side": "sell", "seq": 301}
{"timestamp_ns": 1754882160000000000, "symbol": "DOGEUSDT", "type": "trade", "price": 0.23992, "volume": 942927.0, "side": "sell", "seq": 302}
{"timestamp_ns": 1754882220000000000, "symbol": "DOGEUSDT", "type": "trade", "price": 0.23951, "volume": 1242182.0, "side": "sell", "seq": 303}
{"timestamp_ns": 1754882280000000000, "symbol": "DOGEUSDT", "type": "trade", "price": 0.23926, "volume": 507131.0, "side": "sell", "seq": 304}
{"timestamp_ns": 1754882340000000000, "symbol": "DOGEUSDT", "type": "trade", "price": 0.23946, "volume": 1096651.0, "side": "sell", "seq": 305}
{"timestamp_ns": 1754882400000000000, "symbol": "DOGEUSDT", "type": "trade", "price": 0.23916, "volume": 498507.0, "side": "buy", "seq": 306}
{"timestamp_ns": 1754882460000000000, "symbol": "DOGEUSDT", "type": "trade", "price": 0.23852, "volume": 2054488.0, "side": "sell", "seq": 307}
{"timestamp_ns": 1754882520000000000, "symbol": "DOGEUSDT", "type": "trade", "price": 0.23857, "volume": 1929582.0, "side": "sell", "seq": 308}
{"timestamp_ns": 1754882580000000000, "symbol": "DOGEUSDT", "type": "trade", "price": 0.23898, "volume": 891131.0, "side": "buy", "seq": 309}
{"timestamp_ns": 1754882640000000000, "symbol": "DOGEUSDT", "type": "trade", "price": 0.23867, "volume": 634959.0, "side": "sell", "seq": 310}
{"timestamp_ns": 1754882640000999936, "symbol": "DOGEUSDT", "type": "orderbook", "bids": [[0.23857, 100.0], [0.23847, 200.0]], "asks": [[0.23876999999999998, 100.0], [0.23887, 200.0]], "seq": 1000310}
{"timestamp_ns": 1754882700000000000, "symbol": "DOGEUSDT", "type": "trade", "price": 0.23874, "volume": 785474.0, "side": "sell", "seq": 311}
{"timestamp_ns": 1754882760000000000, "symbol": "DOGEUSDT", "type": "trade", "price": 0.23867, "volume": 716421.0, "side": "buy", "seq": 312}
{"timestamp_ns": 1754882820000000000, "symbol": "DOGEUSDT", "type": "trade", "price": 0.23867, "volume": 764104.0, "side": "buy", "seq": 313}
{"timestamp_ns": 1754882880000000000, "symbol": "DOGEUSDT", "type": "trade", "price": 0.23863, "volume": 974152.0, "side": "buy", "seq": 314}
{"timestamp_ns": 1754882940000000000, "symbol": "DOGEUSDT", "type": "trade", "price": 0.23855, "volume": 59673.0, "side": "buy", "seq": 315}
{"timestamp_ns": 1754883000000000000, "symbol": "DOGEUSDT", "type": "trade", "price": 0.23835, "volume": 1042136.0, "side": "buy", "seq": 316}
{"timestamp_ns": 1754883060000000000, "symbol": "DOGEUSDT", "type": "trade", "price": 0.23839, "volume": 1033678.0, "side": "sell", "seq": 317}
{"timestamp_ns": 1754883120000000000, "symbol": "DOGEUSDT", "type": "trade", "price": 0.23885, "volume": 550969.0, "side": "sell", "seq": 318}
{"timestamp_ns": 1754883180000000000, "symbol": "DOGEUSDT", "type": "trade", "price": 0.23921, "volume": 552267.0, "side": "sell", "seq": 319}
{"timestamp_ns": 1754883240000000000, "symbol": "DOGEUSDT", "type": "trade", "price": 0.23917, "volume": 561333.0, "side": "sell", "seq": 320}
{"timestamp_ns": 1754883240000999936, "symbol": "DOGEUSDT", "type": "orderbook", "bids": [[0.23907, 100.0], [0.23897, 200.0]], "asks": [[0.23926999999999998, 100.0], [0.23937, 200.0]], "seq": 1000320}
{"timestamp_ns": 1754883300000000000, "symbol": "DOGEUSDT", "type": "trade", "price": 0.23929, "volume": 319871.0, "side": "sell", "seq": 321}
{"timestamp_ns": 1754883360000000000, "symbol": "DOGEUSDT", "type": "trade", "price": 0.23874, "volume": 908897.0, "side": "buy", "seq": 322}
{"timestamp_ns": 1754883420000000000, "symbol": "DOGEUSDT", "type": "trade", "price": 0.23851, "volume": 779221.0, "side": "sell", "seq": 323}
{"timestamp_ns": 1754883480000000000, "symbol": "DOGEUSDT", "type": "trade", "price": 0.2386, "volume": 412955.0, "side": "buy", "seq": 324}
{"timestamp_ns": 1754883540000000000, "symbol": "DOGEUSDT", "type": "trade", "price": 0.23845, "volume": 1157557.0, "side": "buy", "seq": 325}
{"timestamp_ns": 1754883600000000000, "symbol": "DOGEUSDT", "type": "trade", "price": 0.23852, "volume": 1276827.0, "side": "sell", "seq": 326}
{"timestamp_ns": 1754883660000000000, "symbol": "DOGEUSDT", "type": "trade", "price": 0.23873, "volume": 234957.0, "side": "buy", "seq": 327}
{"timestamp_ns": 1754883720000000000, "symbol": "DOGEUSDT", "type": "trade", "price": 0.23845, "volume": 675259.0, "side": "buy", "seq": 328}
{"timestamp_ns": 1754883780000000000, "symbol": "DOGEUSDT", "type": "trade", "price": 0.23842, "volume": 518200.0, "side": "sell", "seq": 329}
{"timestamp_ns": 1754883840000000000, "symbol": "DOGEUSDT", "type": "trade", "price": 0.23828, "volume": 563854.0, "side": "sell", "seq": 330}
{"timestamp_ns": 1754883840000999936, "symbol": "DOGEUSDT", "type": "orderbook", "bids": [[0.23818, 100.0], [0.23807999999999999, 200.0]], "asks": [[0.23837999999999998, 100.0], [0.23848, 200.0]], "seq": 1000330}
{"timestamp_ns": 1754883900000000000, "symbol": "DOGEUSDT", "type": "trade", "price": 0.23843, "volume": 587148.0, "side": "sell", "seq": 331}
{"timestamp_ns": 1754883960000000000, "symbol": "DOGEUSDT", "type": "trade", "price": 0.2384, "volume": 418185.0, "side": "buy", "seq": 332}
{"timestamp_ns": 1754884020000000000, "symbol": "DOGEUSDT", "type": "trade", "price": 0.2383, "volume": 231790.0, "side": "sell", "seq": 333}
{"timestamp_ns": 1754884080000000000, "symbol": "DOGEUSDT", "type": "trade", "price": 0.23839, "volume": 541539.0, "side": "sell", "seq": 334}
{"timestamp_ns": 1754884140000000000, "symbol": "DOGEUSDT", "type": "trade", "price": 0.23865, "volume": 600098.0, "side": "buy", "seq": 335}
{"timestamp_ns": 1754884200000000000, "symbol": "DOGEUSDT", "type": "trade", "price": 0.23916, "volume": 1574801.0, "side": "buy", "seq": 336}
{"timestamp_ns": 1754884260000000000, "symbol": "DOGEUSDT", "type": "trade", "price": 0.2394, "volume": 903153.0, "side": "buy", "seq": 337}
{"timestamp_ns": 1754884320000000000, "symbol": "DOGEUSDT", "type": "trade", "price": 0.23942, "volume": 787731.0, "side": "buy", "seq": 338}
{"timestamp_ns": 1754884380000000000, "symbol": "DOGEUSDT", "type": "trade", "price": 0.23928, "volume": 775440.0, "side": "buy", "seq": 339}
{"timestamp_ns": 1754884440000000000, "symbol": "DOGEUSDT", "type": "trade", "price": 0.23914, "volume": 451370.0, "side": "sell", "seq": 340}
{"timestamp_ns": 1754884440000999936, "symbol": "DOGEUSDT", "type": "orderbook", "bids": [[0.23904, 100.0], [0.23893999999999999, 200.0]], "asks": [[0.23923999999999998, 100.0], [0.23934, 200.0]], "seq": 1000340}
{"timestamp_ns": 1754884500000000000, "symbol": "DOGEUSDT", "type": "trade", "price": 0.23908, "volume": 1167687.0, "side": "sell", "seq": 341}
{"timestamp_ns": 1754884560000000000, "symbol": "DOGEUSDT", "type": "trade", "price": 0.23899, "volume": 626313.0, "side": "sell", "seq": 342}
{"timestamp_ns": 1754884620000000000, "symbol": "DOGEUSDT", "type": "trade", "price": 0.23925, "volume": 247412.0, "side": "buy", "seq": 343}
{"timestamp_ns": 1754884680000000000, "symbol": "DOGEUSDT", "type": "trade", "price": 0.23929, "volume": 582306.0, "side": "sell", "seq": 344}
{"timestamp_ns": 1754884740000000000, "symbol": "DOGEUSDT", "type": "trade", "price": 0.23934, "volume": 304876.0, "side": "buy", "seq": 345}
{"timestamp_ns": 1754884800000000000, "symbol": "DOGEUSDT", "type": "trade", "price": 0.23948, "volume": 520701.0, "side": "sell", "seq": 346}
{"timestamp_ns": 1754884860000000000, "symbol": "DOGEUSDT", "type": "trade", "price": 0.23938, "volume": 563907.0, "side": "buy", "seq": 347}
{"timestamp_ns": 1754884920000000000, "symbol": "DOGEUSDT", "type": "trade", "price": 0.23983, "volume": 446980.0, "side": "buy", "seq": 348}
{"timestamp_ns": 1754884980000000000, "symbol": "DOGEUSDT", "type": "trade", "price": 0.23988, "volume": 497366.0, "side": "buy", "seq": 349}
{"timestamp_ns": 1754885040000000000, "symbol": "DOGEUSDT", "type": "trade", "price": 0.23997, "volume": 738524.0, "side": "buy", "seq": 350}
{"timestamp_ns": 1754885040000999936, "symbol": "DOGEUSDT", "type": "orderbook", "bids": [[0.23987, 100.0], [0.23976999999999998, 200.0]], "asks": [[0.24006999999999998, 100.0], [0.24017, 200.0]], "seq": 1000350}
{"timestamp_ns": 1754885100000000000, "symbol": "DOGEUSDT", "type": "trade", "price": 0.2403, "volume": 2025191.0, "side": "buy", "seq": 351}
{"timestamp_ns": 1754885160000000000, "symbol": "DOGEUSDT", "type": "trade", "price": 0.23988, "volume": 704616.0, "side": "buy", "seq": 352}
{"timestamp_ns": 1754885220000000000, "symbol": "DOGEUSDT", "type": "trade", "price": 0.23984, "volume": 864350.0, "side": "buy", "seq": 353}
{"timestamp_ns": 1754885280000000000, "symbol": "DOGEUSDT", "type": "trade", "price": 0.23989, "volume": 426189.0, "side": "sell", "seq": 354}
{"timestamp_ns": 1754885340000000000, "symbol": "DOGEUSDT", "type": "trade", "price": 0.24016, "volume": 344539.0, "side": "sell", "seq": 355}
{"timestamp_ns": 1754885400000000000, "symbol": "DOGEUSDT", "type": "trade", "price": 0.24026, "volume": 753752.0, "side": "sell", "seq": 356}
{"timestamp_ns": 1754885460000000000, "symbol": "DOGEUSDT", "type": "trade", "price": 0.24036, "volume": 498496.0, "side": "buy", "seq": 357}
{"timestamp_ns": 1754885520000000000, "symbol": "DOGEUSDT", "type": "trade", "price": 0.24056, "volume": 1115288.0, "side": "sell", "seq": 358}
{"timestamp_ns": 1754885580000000000, "symbol": "DOGEUSDT", "type": "trade", "price": 0.24132, "volume": 3698103.0, "side": "buy", "seq": 359}
{"timestamp_ns": 1754885640000000000, "symbol": "DOGEUSDT", "type": "trade", "price": 0.24078, "volume": 1991611.0, "side": "buy", "seq": 360}
{"timestamp_ns": 1754885640000999936, "symbol": "DOGEUSDT", "type": "orderbook", "bids": [[0.24068, 100.0], [0.24058, 200.0]], "asks": [[0.24087999999999998, 100.0], [0.24098, 200.0]], "seq": 1000360}
{"timestamp_ns": 1754885700000000000, "symbol": "DOGEUSDT", "type": "trade", "price": 0.24097, "volume": 789195.0, "side": "sell", "seq": 361}
{"timestamp_ns": 1754885760000000000, "symbol": "DOGEUSDT", "type": "trade", "price": 0.24098, "volume": 378335.0, "side": "buy", "seq": 362}
{"timestamp_ns": 1754885820000000000, "symbol": "DOGEUSDT", "type": "trade", "price": 0.24064, "volume": 2778948.0, "side": "buy", "seq": 363}
{"timestamp_ns": 1754885880000000000, "symbol": "DOGEUSDT", "type": "trade", "price": 0.24085, "volume": 884794.0, "side": "sell", "seq": 364}
{"timestamp_ns": 1754885940000000000, "symbol": "DOGEUSDT", "type": "trade", "price": 0.24074, "volume": 484559.0, "side": "sell", "seq": 365}
{"timestamp_ns": 1754886000000000000, "symbol": "DOGEUSDT", "type": "trade", "price": 0.24077, "volume": 659007.0, "side": "sell", "seq": 366}
{"timestamp_ns": 1754886060000000000, "symbol": "DOGEUSDT", "type": "trade", "price": 0.24094, "volume": 689834.0, "side": "buy", "seq": 367}
{"timestamp_ns": 1754886120000000000, "symbol": "DOGEUSDT", "type": "trade", "price": 0.24085, "volume": 503506.0, "side": "sell", "seq": 368}
{"timestamp_ns": 1754886180000000000, "symbol": "DOGEUSDT", "type": "trade", "price": 0.24057, "volume": 1771231.0, "side": "buy", "seq": 369}
{"timestamp_ns": 1754886240000000000, "symbol": "DOGEUSDT", "type": "trade", "price": 0.24038, "volume": 499235.0, "side": "sell", "seq": 370}
{"timestamp_ns": 1754886240000999936, "symbol": "DOGEUSDT", "type": "orderbook", "bids": [[0.24028000000000002, 100.0], [0.24018, 200.0]], "asks": [[0.24048, 100.0], [0.24058000000000002, 200.0]], "seq": 1000370}
{"timestamp_ns": 1754886300000000000, "symbol": "DOGEUSDT", "type": "trade", "price": 0.24056, "volume": 612658.0, "side": "buy", "seq": 371}
{"timestamp_ns": 1754886360000000000, "symbol": "DOGEUSDT", "type": "trade", "price": 0.24079, "volume": 262133.0, "side": "sell", "seq": 372}
{"timestamp_ns": 1754886420000000000, "symbol": "DOGEUSDT", "type": "trade", "price": 0.24045, "volume": 457332.0, "side": "buy", "seq": 373}
{"timestamp_ns": 1754886480000000000, "symbol": "DOGEUSDT", "type": "trade", "price": 0.24024, "volume": 566548.0, "side": "buy", "seq": 374}
{"timestamp_ns": 1754886540000000000, "symbol": "DOGEUSDT", "type": "trade", "price": 0.24007, "volume": 331679.0, "side": "buy", "seq": 375}
{"timestamp_ns": 1754886600000000000, "symbol": "DOGEUSDT", "type": "trade", "price": 0.24013, "volume": 401139.0, "side": "sell", "seq": 376}
{"timestamp_ns": 1754886660000000000, "symbol": "DOGEUSDT", "type": "trade", "price": 0.24003, "volume": 801416.0, "side": "buy", "seq": 377}
{"timestamp_ns": 1754886720000000000, "symbol": "DOGEUSDT", "type": "trade", "price": 0.23979, "volume": 352162.0, "side": "buy", "seq": 378}
{"timestamp_ns": 1754886780000000000, "symbol": "DOGEUSDT", "type": "trade", "price": 0.23997, "volume": 788239.0, "side": "buy", "seq": 379}
{"timestamp_ns": 1754886840000000000, "symbol": "DOGEUSDT", "type": "trade", "price": 0.23993, "volume": 681315.0, "side": "sell", "seq": 380}
{"timestamp_ns": 1754886840000999936, "symbol": "DOGEUSDT", "type": "orderbook", "bids": [[0.23983000000000002, 100.0], [0.23973, 200.0]], "asks": [[0.24003, 100.0], [0.24013, 200.0]], "seq": 1000380}
{"timestamp_ns": 1754886900000000000, "symbol": "DOGEUSDT", "type": "trade", "price": 0.2399, "volume": 464001.0, "side": "buy", "seq": 381}
{"timestamp_ns": 1754886960000000000, "symbol": "DOGEUSDT", "type": "trade", "price": 0.23956, "volume": 1271325.0, "side": "buy", "seq": 382}
{"timestamp_ns": 1754887020000000000, "symbol": "DOGEUSDT", "type": "trade", "price": 0.23948, "volume": 664126.0, "side": "sell", "seq": 383}
{"timestamp_ns": 1754887080000000000, "symbol": "DOGEUSDT", "type": "trade", "price": 0.23981, "volume": 560454.0, "side": "sell", "seq": 384}
{"timestamp_ns": 1754887140000000000, "symbol": "DOGEUSDT", "type": "trade", "price": 0.23987, "volume": 351178.0, "side": "sell", "seq": 385}
{"timestamp_ns": 1754887200000000000, "symbol": "DOGEUSDT", "type": "trade", "price": 0.24, "volume": 1154732.0, "side": "buy", "seq": 386}
{"timestamp_ns": 1754887260000000000, "symbol": "DOGEUSDT", "type": "trade", "price": 0.24019, "volume": 799979.0, "side": "buy", "seq": 387}
{"timestamp_ns": 1754887320000000000, "symbol": "DOGEUSDT", "type": "trade", "price": 0.2401, "volume": 414244.0, "side": "buy", "seq": 388}
{"timestamp_ns": 1754887380000000000, "symbol": "DOGEUSDT", "type": "trade", "price": 0.23993, "volume": 4251869.0, "side": "sell", "seq": 389}
{"timestamp_ns": 1754887440000000000, "symbol": "DOGEUSDT", "type": "trade", "price": 0.23993, "volume": 554417.0, "side": "sell", "seq": 390}
{"timestamp_ns": 1754887440000999936, "symbol": "DOGEUSDT", "type": "orderbook", "bids": [[0.23983000000000002, 100.0], [0.23973, 200.0]], "asks": [[0.24003, 100.0], [0.24013, 200.0]], "seq": 1000390}
{"timestamp_ns": 1754887500000000000, "symbol": "DOGEUSDT", "type": "trade", "price": 0.24009, "volume": 616887.0, "side": "sell", "seq": 391}
{"timestamp_ns": 1754887560000000000, "symbol": "DOGEUSDT", "type": "trade", "price": 0.24, "volume": 268040.0, "side": "buy", "seq": 392}
{"timestamp_ns": 1754887620000000000, "symbol": "DOGEUSDT", "type": "trade", "price": 0.24041, "volume": 736941.0, "side": "buy", "seq": 393}
{"timestamp_ns": 1754887680000000000, "symbol": "DOGEUSDT", "type": "trade", "price": 0.24018, "volume": 320010.0, "side": "buy", "seq": 394}
{"timestamp_ns": 1754887740000000000, "symbol": "DOGEUSDT", "type": "trade", "price": 0.24016, "volume": 386664.0, "side": "sell", "seq": 395}
{"timestamp_ns": 1754887800000000000, "symbol": "DOGEUSDT", "type": "trade", "price": 0.24016, "volume": 401230.0, "side": "buy", "seq": 396}
{"timestamp_ns": 1754887860000000000, "symbol": "DOGEUSDT", "type": "trade", "price": 0.24017, "volume": 3165327.0, "side": "buy", "seq": 397}
{"timestamp_ns": 1754887920000000000, "symbol": "DOGEUSDT", "type": "trade", "price": 0.23976, "volume": 7038922.0, "side": "sell", "seq": 398}
{"timestamp_ns": 1754887980000000000, "symbol": "DOGEUSDT", "type": "trade", "price": 0.23951, "volume": 765827.0, "side": "sell", "seq": 399}
{"timestamp_ns": 1754888040000000000, "symbol": "DOGEUSDT", "type": "trade", "price": 0.23933, "volume": 801672.0, "side": "buy", "seq": 400}
{"timestamp_ns": 1754888040000999936, "symbol": "DOGEUSDT", "type": "orderbook", "bids": [[0.23923, 100.0], [0.23912999999999998, 200.0]], "asks": [[0.23942999999999998, 100.0], [0.23953, 200.0]], "seq": 1000400}
{"timestamp_ns": 1754888100000000000, "symbol": "DOGEUSDT", "type": "trade", "price": 0.23918, "volume": 728278.0, "side": "sell", "seq": 401}
{"timestamp_ns": 1754888160000000000, "symbol": "DOGEUSDT", "type": "trade", "price": 0.23942, "volume": 1121344.0, "side": "buy", "seq": 402}
{"timestamp_ns": 1754888220000000000, "symbol": "DOGEUSDT", "type": "trade", "price": 0.23955, "volume": 593510.0, "side": "sell", "seq": 403}
{"timestamp_ns": 1754888280000000000, "symbol": "DOGEUSDT", "type": "trade", "price": 0.23987, "volume": 1045765.0, "side": "sell", "seq": 404}
{"timestamp_ns": 1754888340000000000, "symbol": "DOGEUSDT", "type": "trade", "price": 0.23927, "volume": 867201.0, "side": "sell", "seq": 405}
{"timestamp_ns": 1754888400000000000, "symbol": "DOGEUSDT", "type": "trade", "price": 0.23921, "volume": 757857.0, "side": "sell", "seq": 406}
{"timestamp_ns": 1754888460000000000, "symbol": "DOGEUSDT", "type": "trade", "price": 0.23964, "volume": 1355134.0, "side": "buy", "seq": 407}
{"timestamp_ns": 1754888520000000000, "symbol": "DOGEUSDT", "type": "trade", "price": 0.23988, "volume": 892630.0, "side": "buy", "seq": 408}
{"timestamp_ns": 1754888580000000000, "symbol": "DOGEUSDT", "type": "trade", "price": 0.24017, "volume": 819586.0, "side": "buy", "seq": 409}
{"timestamp_ns": 1754888640000000000, "symbol": "DOGEUSDT", "type": "trade", "price": 0.24028, "volume": 561706.0, "side": "sell", "seq": 410}
{"timestamp_ns": 1754888640000999936, "symbol": "DOGEUSDT", "type": "orderbook", "bids": [[0.24018, 100.0], [0.24008, 200.0]], "asks": [[0.24037999999999998, 100.0], [0.24048, 200.0]], "seq": 1000410}
{"timestamp_ns": 1754888700000000000, "symbol": "DOGEUSDT", "type": "trade", "price": 0.24022, "volume": 332665.0, "side": "buy", "seq": 411}
{"timestamp_ns": 1754888760000000000, "symbol": "DOGEUSDT", "type": "trade", "price": 0.24017, "volume": 570446.0, "side": "buy", "seq": 412}
{"timestamp_ns": 1754888820000000000, "symbol": "DOGEUSDT", "type": "trade", "price": 0.24018, "volume": 688764.0, "side": "buy", "seq": 413}
{"timestamp_ns": 1754888880000000000, "symbol": "DOGEUSDT", "type": "trade", "price": 0.24002, "volume": 863358.0, "side": "buy", "seq": 414}
{"timestamp_ns": 1754888940000000000, "symbol": "DOGEUSDT", "type": "trade", "price": 0.24012, "volume": 800981.0, "side": "sell", "seq": 415}
{"timestamp_ns": 1754889000000000000, "symbol": "DOGEUSDT", "type": "trade", "price": 0.24027, "volume": 3655222.0, "side": "sell", "seq": 416}
{"timestamp_ns": 1754889060000000000, "symbol": "DOGEUSDT", "type": "trade", "price": 0.23986, "volume": 685840.0, "side": "sell", "seq": 417}
{"timestamp_ns": 1754889120000000000, "symbol": "DOGEUSDT", "type": "trade", "price": 0.24002, "volume": 2623465.0, "side": "sell", "seq": 418}
{"timestamp_ns": 1754889180000000000, "symbol": "DOGEUSDT", "type": "trade", "price": 0.24028, "volume": 689368.0, "side": "sell", "seq": 419}
{"timestamp_ns": 1754889240000000000, "symbol": "DOGEUSDT", "type": "trade", "price": 0.24042, "volume": 2410854.0, "side": "buy", "seq": 420}
{"timestamp_ns": 1754889240000999936, "symbol": "DOGEUSDT", "type": "orderbook", "bids": [[0.24032, 100.0], [0.24022, 200.0]], "asks": [[0.24051999999999998, 100.0], [0.24062, 200.0]], "seq": 1000420}
{"timestamp_ns": 1754889300000000000, "symbol": "DOGEUSDT", "type": "trade", "price": 0.24021, "volume": 596468.0, "side": "sell", "seq": 421}
{"timestamp_ns": 1754889360000000000, "symbol": "DOGEUSDT", "type": "trade", "price": 0.24043, "volume": 395646.0, "side": "buy", "seq": 422}
{"timestamp_ns": 1754889420000000000, "symbol": "DOGEUSDT", "type": "trade", "price": 0.24053, "volume": 621063.0, "side": "sell", "seq": 423}
{"timestamp_ns": 1754889480000000000, "symbol": "DOGEUSDT", "type": "trade", "price": 0.24033, "volume": 810495.0, "side": "buy", "seq": 424}
{"timestamp_ns": 1754889540000000000, "symbol": "DOGEUSDT", "type": "trade", "price": 0.23966, "volume": 1007999.0, "side": "buy", "seq": 425}
{"timestamp_ns": 1754889600000000000, "symbol": "DOGEUSDT", "type": "trade", "price": 0.23991, "volume": 845372.0, "side": "sell", "seq": 426}
{"timestamp_ns": 1754889660000000000, "symbol": "DOGEUSDT", "type": "trade", "price": 0.23978, "volume": 719585.0, "side": "sell", "seq": 427}
{"timestamp_ns": 1754889720000000000, "symbol": "DOGEUSDT", "type": "trade", "price": 0.23936, "volume": 450907.0, "side": "sell", "seq": 428}
{"timestamp_ns": 1754889780000000000, "symbol": "DOGEUSDT", "type": "trade", "price": 0.2394, "volume": 665331.0, "side": "sell", "seq": 429}
{"timestamp_ns": 1754889840000000000, "symbol": "DOGEUSDT", "type": "trade", "price": 0.23907, "volume": 1282191.0, "side": "buy", "seq": 430}
{"timestamp_ns": 1754889840000999936, "symbol": "DOGEUSDT", "type": "orderbook", "bids": [[0.23897000000000002, 100.0], [0.23887, 200.0]], "asks": [[0.23917, 100.0], [0.23927, 200.0]], "seq": 1000430}
{"timestamp_ns": 1754889900000000000, "symbol": "DOGEUSDT", "type": "trade", "price": 0.2392, "volume": 1849629.0, "side": "buy", "seq": 431}
{"timestamp_ns": 1754889960000000000, "symbol": "DOGEUSDT", "type": "trade", "price": 0.23931, "volume": 4639967.0, "side": "sell", "seq": 432}
{"timestamp_ns": 1754890020000000000, "symbol": "DOGEUSDT", "type": "trade", "price": 0.23933, "volume": 483646.0, "side": "sell", "seq": 433}
{"timestamp_ns": 1754890080000000000, "symbol": "DOGEUSDT", "type": "trade", "price": 0.23923, "volume": 858477.0, "side": "buy", "seq": 434}
{"timestamp_ns": 1754890140000000000, "symbol": "DOGEUSDT", "type": "trade", "price": 0.23922, "volume": 616177.0, "side": "buy", "seq": 435}
{"timestamp_ns": 1754890200000000000, "symbol": "DOGEUSDT", "type": "trade", "price": 0.23897, "volume": 1258598.0, "side": "sell", "seq": 436}
{"timestamp_ns": 1754890260000000000, "symbol": "DOGEUSDT", "type": "trade", "price": 0.23917, "volume": 689927.0, "side": "sell", "seq": 437}
{"timestamp_ns": 1754890320000000000, "symbol": "DOGEUSDT", "type": "trade", "price": 0.23916, "volume": 812711.0, "side": "sell", "seq": 438}
{"timestamp_ns": 1754890380000000000, "symbol": "DOGEUSDT", "type": "trade", "price": 0.23909, "volume": 491120.0, "side": "buy", "seq": 439}
{"timestamp_ns": 1754890440000000000, "symbol": "DOGEUSDT", "type": "trade", "price": 0.2393, "volume": 420700.0, "side": "sell", "seq": 440}
{"timestamp_ns": 1754890440000999936, "symbol": "DOGEUSDT", "type": "orderbook", "bids": [[0.23920000000000002, 100.0], [0.2391, 200.0]], "asks": [[0.2394, 100.0], [0.23950000000000002, 200.0]], "seq": 1000440}
{"timestamp_ns": 1754890500000000000, "symbol": "DOGEUSDT", "type": "trade", "price": 0.23899, "volume": 872644.0, "side": "buy", "seq": 441}
{"timestamp_ns": 1754890560000000000, "symbol": "DOGEUSDT", "type": "trade", "price": 0.23903, "volume": 358011.0, "side": "sell", "seq": 442}
{"timestamp_ns": 1754890620000000000, "symbol": "DOGEUSDT", "type": "trade", "price": 0.23875, "volume": 986118.0, "side": "buy", "seq": 443}
{"timestamp_ns": 1754890680000000000, "symbol": "DOGEUSDT", "type": "trade", "price": 0.23873, "volume": 1514582.0, "side": "buy", "seq": 444}
{"timestamp_ns": 1754890740000000000, "symbol": "DOGEUSDT", "type": "trade", "price": 0.23893, "volume": 1387082.0, "side": "buy", "seq": 445}
{"timestamp_ns": 1754890800000000000, "symbol": "DOGEUSDT", "type": "trade", "price": 0.2387, "volume": 506704.0, "side": "sell", "seq": 446}
{"timestamp_ns": 1754890860000000000, "symbol": "DOGEUSDT", "type": "trade", "price": 0.23888, "volume": 567976.0, "side": "sell", "seq": 447}
{"timestamp_ns": 1754890920000000000, "symbol": "DOGEUSDT", "type": "trade", "price": 0.23851, "volume": 538076.0, "side": "sell", "seq": 448}
{"timestamp_ns": 1754890980000000000, "symbol": "DOGEUSDT", "type": "trade", "price": 0.2386, "volume": 968075.0, "side": "sell", "seq": 449}
{"timestamp_ns": 1754891040000000000, "symbol": "DOGEUSDT", "type": "trade", "price": 0.23851, "volume": 198495.0, "side": "buy", "seq": 450}
{"timestamp_ns": 1754891040000999936, "symbol": "DOGEUSDT", "type": "orderbook", "bids": [[0.23841, 100.0], [0.23831, 200.0]], "asks": [[0.23861, 100.0], [0.23871, 200.0]], "seq": 1000450}
{"timestamp_ns": 1754891100000000000, "symbol": "DOGEUSDT", "type": "trade", "price": 0.2385, "volume": 275611.0, "side": "buy", "seq": 451}
{"timestamp_ns": 1754891160000000000, "symbol": "DOGEUSDT", "type": "trade", "price": 0.2383, "volume": 584435.0, "side": "sell", "seq": 452}
{"timestamp_ns": 1754891220000000000, "symbol": "DOGEUSDT", "type": "trade", "price": 0.23802, "volume": 1177617.0, "side": "buy", "seq": 453}
{"timestamp_ns": 1754891280000000000, "symbol": "DOGEUSDT", "type": "trade", "price": 0.23778, "volume": 2228788.0, "side": "sell", "seq": 454}
{"timestamp_ns": 1754891340000000000, "symbol": "DOGEUSDT", "type": "trade", "price": 0.23777, "volume": 1583956.0, "side": "sell", "seq": 455}
{"timestamp_ns": 1754891400000000000, "symbol": "DOGEUSDT", "type": "trade", "price": 0.23812, "volume": 1714139.0, "side": "buy", "seq": 456}
{"timestamp_ns": 1754891460000000000, "symbol": "DOGEUSDT", "type": "trade", "price": 0.23827, "volume": 631495.0, "side": "sell", "seq": 457}
{"timestamp_ns": 1754891520000000000, "symbol": "DOGEUSDT", "type": "trade", "price": 0.23801, "volume": 853129.0, "side": "buy", "seq": 458}
{"timestamp_ns": 1754891580000000000, "symbol": "DOGEUSDT", "type": "trade", "price": 0.23815, "volume": 490580.0, "side": "buy", "seq": 459}
{"timestamp_ns": 1754891640000000000, "symbol": "DOGEUSDT", "type": "trade", "price": 0.2382, "volume": 463986.0, "side": "sell", "seq": 460}
{"timestamp_ns": 1754891640000999936, "symbol": "DOGEUSDT", "type": "orderbook", "bids": [[0.2381, 100.0], [0.238, 200.0]], "asks": [[0.23829999999999998, 100.0], [0.2384, 200.0]], "seq": 1000460}
{"timestamp_ns": 1754891700000000000, "symbol": "DOGEUSDT", "type": "trade", "price": 0.23852, "volume": 750612.0, "side": "buy", "seq": 461}
{"timestamp_ns": 1754891760000000000, "symbol": "DOGEUSDT", "type": "trade", "price": 0.23809, "volume": 1808025.0, "side": "buy", "seq": 462}
{"timestamp_ns": 1754891820000000000, "symbol": "DOGEUSDT", "type": "trade", "price": 0.23811, "volume": 872577.0, "side": "sell", "seq": 463}
{"timestamp_ns": 1754891880000000000, "symbol": "DOGEUSDT", "type": "trade", "price": 0.23832, "volume": 599368.0, "side": "sell", "seq": 464}
{"timestamp_ns": 1754891940000000000, "symbol": "DOGEUSDT", "type": "trade", "price": 0.23833, "volume": 619963.0, "side": "buy", "seq": 465}
{"timestamp_ns": 1754892000000000000, "symbol": "DOGEUSDT", "type": "trade", "price": 0.23862, "volume": 860424.0, "side": "sell", "seq": 466}
{"timestamp_ns": 1754892060000000000, "symbol": "DOGEUSDT", "type": "trade", "price": 0.23882, "volume": 805390.0, "side": "sell", "seq": 467}
{"timestamp_ns": 1754892120000000000, "symbol": "DOGEUSDT", "type": "trade", "price": 0.23888, "volume": 1316925.0, "side": "buy", "seq": 468}
{"timestamp_ns": 1754892180000000000, "symbol": "DOGEUSDT", "type": "trade", "price": 0.23883, "volume": 506960.0, "side": "sell", "seq": 469}
{"timestamp_ns": 1754892240000000000, "symbol": "DOGEUSDT", "type": "trade", "price": 0.23883, "volume": 256595.0, "side": "buy", "seq": 470}
{"timestamp_ns": 1754892240000999936, "symbol": "DOGEUSDT", "type": "orderbook", "bids": [[0.23873, 100.0], [0.23862999999999998, 200.0]], "asks": [[0.23892999999999998, 100.0], [0.23903, 200.0]], "seq": 1000470}
{"timestamp_ns": 1754892300000000000, "symbol": "DOGEUSDT", "type": "trade", "price": 0.2386, "volume": 419417.0, "side": "buy", "seq": 471}
{"timestamp_ns": 1754892360000000000, "symbol": "DOGEUSDT", "type": "trade", "price": 0.23855, "volume": 375050.0, "side": "sell", "seq": 472}
{"timestamp_ns": 1754892420000000000, "symbol": "DOGEUSDT", "type": "trade", "price": 0.23836, "volume": 319555.0, "side": "sell", "seq": 473}
{"timestamp_ns": 1754892480000000000, "symbol": "DOGEUSDT", "type": "trade", "price": 0.23827, "volume": 310175.0, "side": "sell", "seq": 474}
{"timestamp_ns": 1754892540000000000, "symbol": "DOGEUSDT", "type": "trade", "price": 0.238, "volume": 604238.0, "side": "sell", "seq": 475}
{"timestamp_ns": 1754892600000000000, "symbol": "DOGEUSDT", "type": "trade", "price": 0.23807, "volume": 468232.0, "side": "sell", "seq": 476}
{"timestamp_ns": 1754892660000000000, "symbol": "DOGEUSDT", "type": "trade", "price": 0.23791, "volume": 292515.0, "side": "buy", "seq": 477}
{"timestamp_ns": 1754892720000000000, "symbol": "DOGEUSDT", "type": "trade", "price": 0.23792, "volume": 627661.0, "side": "sell", "seq": 478}
{"timestamp_ns": 1754892780000000000, "symbol": "DOGEUSDT", "type": "trade", "price": 0.23795, "volume": 195203.0, "side": "sell", "seq": 479}
{"timestamp_ns": 1754892840000000000, "symbol": "DOGEUSDT", "type": "trade", "price": 0.23799, "volume": 469441.0, "side": "sell", "seq": 480}
{"timestamp_ns": 1754892840000999936, "symbol": "DOGEUSDT", "type": "orderbook", "bids": [[0.23789000000000002, 100.0], [0.23779, 200.0]], "asks": [[0.23809, 100.0], [0.23819, 200.0]], "seq": 1000480}
{"timestamp_ns": 1754892900000000000, "symbol": "DOGEUSDT", "type": "trade", "price": 0.23789, "volume": 472451.0, "side": "buy", "seq": 481}
{"timestamp_ns": 1754892960000000000, "symbol": "DOGEUSDT", "type": "trade", "price": 0.23778, "volume": 675721.0, "side": "sell", "seq": 482}
{"timestamp_ns": 1754893020000000000, "symbol": "DOGEUSDT", "type": "trade", "price": 0.2373, "volume": 2832223.0, "side": "sell", "seq": 483}
{"timestamp_ns": 1754893080000000000, "symbol": "DOGEUSDT", "type": "trade", "price": 0.23721, "volume": 1512669.0, "side": "buy", "seq": 484}
{"timestamp_ns": 1754893140000000000, "symbol": "DOGEUSDT", "type": "trade", "price": 0.2376, "volume": 644344.0, "side": "buy", "seq": 485}
{"timestamp_ns": 1754893200000000000, "symbol": "DOGEUSDT", "type": "trade", "price": 0.23804, "volume": 197615.0, "side": "sell", "seq": 486}
{"timestamp_ns": 1754893260000000000, "symbol": "DOGEUSDT", "type": "trade", "price": 0.23853, "volume": 467287.0, "side": "sell", "seq": 487}
{"timestamp_ns": 1754893320000000000, "symbol": "DOGEUSDT", "type": "trade", "price": 0.2384, "volume": 2758263.0, "side": "sell", "seq": 488}
{"timestamp_ns": 1754893380000000000, "symbol": "DOGEUSDT", "type": "trade", "price": 0.23821, "volume": 549922.0, "side": "sell", "seq": 489}
{"timestamp_ns": 1754893440000000000, "symbol": "DOGEUSDT", "type": "trade", "price": 0.23839, "volume": 146553.0, "side": "buy", "seq": 490}
{"timestamp_ns": 1754893440000999936, "symbol": "DOGEUSDT", "type": "orderbook", "bids": [[0.23829, 100.0], [0.23818999999999999, 200.0]], "asks": [[0.23848999999999998, 100.0], [0.23859, 200.0]], "seq": 1000490}
{"timestamp_ns": 1754893500000000000, "symbol": "DOGEUSDT", "type": "trade", "price": 0.23845, "volume": 266090.0, "side": "sell", "seq": 491}
{"timestamp_ns": 1754893560000000000, "symbol": "DOGEUSDT", "type": "trade", "price": 0.23842, "volume": 325895.0, "side": "buy", "seq": 492}
{"timestamp_ns": 1754893620000000000, "symbol": "DOGEUSDT", "type": "trade", "price": 0.23835, "volume": 128927.0, "side": "sell", "seq": 493}
{"timestamp_ns": 1754893680000000000, "symbol": "DOGEUSDT", "type": "trade", "price": 0.23828, "volume": 628079.0, "side": "sell", "seq": 494}
{"timestamp_ns": 1754893740000000000, "symbol": "DOGEUSDT", "type": "trade", "price": 0.2382, "volume": 92307.0, "side": "buy", "seq": 495}
{"timestamp_ns": 1754893800000000000, "symbol": "DOGEUSDT", "type": "trade", "price": 0.23795, "volume": 781607.0, "side": "buy", "seq": 496}
{"timestamp_ns": 1754893860000000000, "symbol": "DOGEUSDT", "type": "trade", "price": 0.238, "volume": 331912.0, "side": "buy", "seq": 497}
{"timestamp_ns": 1754893920000000000, "symbol": "DOGEUSDT", "type": "trade", "price": 0.23853, "volume": 472282.0, "side": "sell", "seq": 498}
{"timestamp_ns": 1754893980000000000, "symbol": "DOGEUSDT", "type": "trade", "price": 0.23852, "volume": 919861.0, "side": "sell", "seq": 499}
