{"timestamp_ns": 1755284880000000000, "symbol": "SOLUSDT", "type": "trade", "price": 183.93, "volume": 820.253, "side": "buy", "seq": 0}
{"timestamp_ns": 1755284880000999936, "symbol": "SOLUSDT", "type": "orderbook", "bids": [[183.9299, 100.0], [183.9298, 200.0]], "asks": [[183.9301, 100.0], [183.9302, 200.0]], "seq": 1000000}
{"timestamp_ns": 1755284940000000000, "symbol": "SOLUSDT", "type": "trade", "price": 184.01, "volume": 2362.372, "side": "buy", "seq": 1}
{"timestamp_ns": 1755285000000000000, "symbol": "SOLUSDT", "type": "trade", "price": 184.22, "volume": 2757.166, "side": "buy", "seq": 2}
{"timestamp_ns": 1755285060000000000, "symbol": "SOLUSDT", "type": "trade", "price": 184.39, "volume": 1841.242, "side": "buy", "seq": 3}
{"timestamp_ns": 1755285120000000000, "symbol": "SOLUSDT", "type": "trade", "price": 184.57, "volume": 2873.518, "side": "buy", "seq": 4}
{"timestamp_ns": 1755285180000000000, "symbol": "SOLUSDT", "type": "trade", "price": 184.93, "volume": 1107.615, "side": "sell", "seq": 5}
{"timestamp_ns": 1755285240000000000, "symbol": "SOLUSDT", "type": "trade", "price": 185.43, "volume": 14942.967, "side": "buy", "seq": 6}
{"timestamp_ns": 1755285300000000000, "symbol": "SOLUSDT", "type": "trade", "price": 185.78, "volume": 3078.788, "side": "buy", "seq": 7}
{"timestamp_ns": 1755285360000000000, "symbol": "SOLUSDT", "type": "trade", "price": 185.55, "volume": 4939.558, "side": "sell", "seq": 8}
{"timestamp_ns": 1755285420000000000, "symbol": "SOLUSDT", "type": "trade", "price": 185.21, "volume": 3569.299, "side": "sell", "seq": 9}
{"timestamp_ns": 1755285480000000000, "symbol": "SOLUSDT", "type": "trade", "price": 184.94, "volume": 5759.207, "side": "buy", "seq": 10}
{"timestamp_ns": 1755285480000999936, "symbol": "SOLUSDT", "type": "orderbook", "bids": [[184.9399, 100.0], [184.9398, 200.0]], "asks": [[184.9401, 100.0], [184.9402, 200.0]], "seq": 1000010}
{"timestamp_ns": 1755285540000000000, "symbol": "SOLUSDT", "type": "trade", "price": 184.91, "volume": 2532.742, "side": "sell", "seq": 11}
{"timestamp_ns": 1755285600000000000, "symbol": "SOLUSDT", "type": "trade", "price": 184.99, "volume": 581.93, "side": "sell", "seq": 12}
{"timestamp_ns": 1755285660000000000, "symbol": "SOLUSDT", "type": "trade", "price": 184.81, "volume": 1858.673, "side": "buy", "seq": 13}
{"timestamp_ns": 1755285720000000000, "symbol": "SOLUSDT", "type": "trade", "price": 184.59, "volume": 2666.714, "side": "sell", "seq": 14}
{"timestamp_ns": 1755285780000000000, "symbol": "SOLUSDT", "type": "trade", "price": 184.46, "volume": 2665.236, "side": "sell", "seq": 15}
{"timestamp_ns": 1755285840000000000, "symbol": "SOLUSDT", "type": "trade", "price": 184.12, "volume": 1740.774, "side": "sell", "seq": 16}
{"timestamp_ns": 1755285900000000000, "symbol": "SOLUSDT", "type": "trade", "price": 184.3, "volume": 977.467, "side": "buy", "seq": 17}
{"timestamp_ns": 1755285960000000000, "symbol": "SOLUSDT", "type": "trade", "price": 184.39, "volume": 2081.59, "side": "buy", "seq": 18}
{"timestamp_ns": 1755286020000000000, "symbol": "SOLUSDT", "type": "trade", "price": 184.48, "volume": 867.656, "side": "buy", "seq": 19}
{"timestamp_ns": 1755286080000000000, "symbol": "SOLUSDT", "type": "trade", "price": 184.22, "volume": 780.134, "side": "sell", "seq": 20}
{"timestamp_ns": 1755286080000999936, "symbol": "SOLUSDT", "type": "orderbook", "bids": [[184.2199, 100.0], [184.2198, 200.0]], "asks": [[184.2201, 100.0], [184.2202, 200.0]], "seq": 1000020}
{"timestamp_ns": 1755286140000000000, "symbol": "SOLUSDT", "type": "trade", "price": 184.28, "volume": 438.919, "side": "buy", "seq": 21}
{"timestamp_ns": 1755286200000000000, "symbol": "SOLUSDT", "type": "trade", "price": 183.84, "volume": 1513.145, "side": "sell", "seq": 22}
{"timestamp_ns": 1755286260000000000, "symbol": "SOLUSDT", "type": "trade", "price": 183.67, "volume": 2632.167, "side": "buy", "seq": 23}
{"timestamp_ns": 1755286320000000000, "symbol": "SOLUSDT", "type": "trade", "price": 183.77, "volume": 3814.036, "side": "sell", "seq": 24}
{"timestamp_ns": 1755286380000000000, "symbol": "SOLUSDT", "type": "trade", "price": 183.93, "volume": 1072.744, "side": "buy", "seq": 25}
{"timestamp_ns": 1755286440000000000, "symbol": "SOLUSDT", "type": "trade", "price": 184.22, "volume": 1874.966, "side": "buy", "seq": 26}
{"timestamp_ns": 1755286500000000000, "symbol": "SOLUSDT", "type": "trade", "price": 183.93, "volume": 2406.391, "side": "buy", "seq": 27}
{"timestamp_ns": 1755286560000000000, "symbol": "SOLUSDT", "type": "trade", "price": 183.89, "volume": 1391.702, "side": "buy", "seq": 28}
{"timestamp_ns": 1755286620000000000, "symbol": "SOLUSDT", "type": "trade", "price": 183.99, "volume": 574.296, "side": "buy", "seq": 29}
{"timestamp_ns": 1755286680000000000, "symbol": "SOLUSDT", "type": "trade", "price": 184.26, "volume": 1219.927, "side": "buy", "seq": 30}
{"timestamp_ns": 1755286680000999936, "symbol": "SOLUSDT", "type": "orderbook", "bids": [[184.2599, 100.0], [184.25979999999998, 200.0]], "asks": [[184.2601, 100.0], [184.2602, 200.0]], "seq": 1000030}
{"timestamp_ns": 1755286740000000000, "symbol": "SOLUSDT", "type": "trade", "price": 183.74, "volume": 1251.046, "side": "buy", "seq": 31}
{"timestamp_ns": 1755286800000000000, "symbol": "SOLUSDT", "type": "trade", "price": 184.14, "volume": 2352.442, "side": "sell", "seq": 32}
{"timestamp_ns": 1755286860000000000, "symbol": "SOLUSDT", "type": "trade", "price": 184.36, "volume": 1291.842, "side": "buy", "seq": 33}
{"timestamp_ns": 1755286920000000000, "symbol": "SOLUSDT", "type": "trade", "price": 184.11, "volume": 3686.237, "side": "buy", "seq": 34}
{"timestamp_ns": 1755286980000000000, "symbol": "SOLUSDT", "type": "trade", "price": 184.1, "volume": 1545.144, "side": "buy", "seq": 35}
{"timestamp_ns": 1755287040000000000, "symbol": "SOLUSDT", "type": "trade", "price": 184.27, "volume": 998.869, "side": "sell", "seq": 36}
{"timestamp_ns": 1755287100000000000, "symbol": "SOLUSDT", "type": "trade", "price": 184.54, "volume": 1319.777, "side": "buy", "seq": 37}
{"timestamp_ns": 1755287160000000000, "symbol": "SOLUSDT", "type": "trade", "price": 184.31, "volume": 1108.612, "side": "buy", "seq": 38}
{"timestamp_ns": 1755287220000000000, "symbol": "SOLUSDT", "type": "trade", "price": 184.23, "volume": 1052.041, "side": "sell", "seq": 39}
{"timestamp_ns": 1755287280000000000, "symbol": "SOLUSDT", "type": "trade", "price": 184.47, "volume": 837.369, "side": "buy", "seq": 40}
{"timestamp_ns": 1755287280000999936, "symbol": "SOLUSDT", "type": "orderbook", "bids": [[184.4699, 100.0], [184.4698, 200.0]], "asks": [[184.4701, 100.0], [184.4702, 200.0]], "seq": 1000040}
{"timestamp_ns": 1755287340000000000, "symbol": "SOLUSDT", "type": "trade", "price": 184.35, "volume": 1254.658, "side": "buy", "seq": 41}
{"timestamp_ns": 1755287400000000000, "symbol": "SOLUSDT", "type": "trade", "price": 184.02, "volume": 3085.235, "side": "buy", "seq": 42}
{"timestamp_ns": 1755287460000000000, "symbol": "SOLUSDT", "type": "trade", "price": 184.18, "volume": 1864.099, "side": "sell", "seq": 43}
{"timestamp_ns": 1755287520000000000, "symbol": "SOLUSDT", "type": "trade", "price": 184.06, "volume": 738.641, "side": "sell", "seq": 44}
{"timestamp_ns": 1755287580000000000, "symbol": "SOLUSDT", "type": "trade", "price": 184.05, "volume": 1148.039, "side": "sell", "seq": 45}
{"timestamp_ns": 1755287640000000000, "symbol": "SOLUSDT", "type": "trade", "price": 183.97, "volume": 1864.189, "side": "buy", "seq": 46}
{"timestamp_ns": 1755287700000000000, "symbol": "SOLUSDT", "type": "trade", "price": 183.75, "volume": 5018.268, "side": "buy", "seq": 47}
{"timestamp_ns": 1755287760000000000, "symbol": "SOLUSDT", "type": "trade", "price": 183.97, "volume": 1725.405, "side": "sell", "seq": 48}
{"timestamp_ns": 1755287820000000000, "symbol": "SOLUSDT", "type": "trade", "price": 183.87, "volume": 1455.285, "side": "sell", "seq": 49}
{"timestamp_ns": 1755287880000000000, "symbol": "SOLUSDT", "type": "trade", "price": 183.78, "volume": 1638.24, "side": "sell", "seq": 50}
{"timestamp_ns": 1755287880000999936, "symbol": "SOLUSDT", "type": "orderbook", "bids": [[183.7799, 100.0], [183.7798, 200.0]], "asks": [[183.7801, 100.0], [183.7802, 200.0]], "seq": 1000050}
{"timestamp_ns": 1755287940000000000, "symbol": "SOLUSDT", "type": "trade", "price": 183.89, "volume": 1347.446, "side": "sell", "seq": 51}
{"timestamp_ns": 1755288000000000000, "symbol": "SOLUSDT", "type": "trade", "price": 183.83, "volume": 8785.087, "side": "sell", "seq": 52}
{"timestamp_ns": 1755288060000000000, "symbol": "SOLUSDT", "type": "trade", "price": 184.02, "volume": 2302.235, "side": "sell", "seq": 53}
{"timestamp_ns": 1755288120000000000, "symbol": "SOLUSDT", "type": "trade", "price": 184.03, "volume": 585.318, "side": "sell", "seq": 54}
{"timestamp_ns": 1755288180000000000, "symbol": "SOLUSDT", "type": "trade", "price": 184.06, "volume": 1485.558, "side": "sell", "seq": 55}
{"timestamp_ns": 1755288240000000000, "symbol": "SOLUSDT", "type": "trade", "price": 184.25, "volume": 2860.071, "side": "buy", "seq": 56}
{"timestamp_ns": 1755288300000000000, "symbol": "SOLUSDT", "type": "trade", "price": 184.04, "volume": 3067.948, "side": "sell", "seq": 57}
{"timestamp_ns": 1755288360000000000, "symbol": "SOLUSDT", "type": "trade", "price": 183.67, "volume": 2722.561, "side": "buy", "seq": 58}
{"timestamp_ns": 1755288420000000000, "symbol": "SOLUSDT", "type": "trade", "price": 183.67, "volume": 1880.69, "side": "sell", "seq": 59}
{"timestamp_ns": 1755288480000000000, "symbol": "SOLUSDT", "type": "trade", "price": 184.04, "volume": 2203.373, "side": "buy", "seq": 60}
{"timestamp_ns": 1755288480000999936, "symbol": "SOLUSDT", "type": "orderbook", "bids": [[184.0399, 100.0], [184.03979999999999, 200.0]], "asks": [[184.0401, 100.0], [184.0402, 200.0]], "seq": 1000060}
{"timestamp_ns": 1755288540000000000, "symbol": "SOLUSDT", "type": "trade", "price": 184.32, "volume": 1227.711, "side": "buy", "seq": 61}
{"timestamp_ns": 1755288600000000000, "symbol": "SOLUSDT", "type": "trade", "price": 184.1, "volume": 1830.055, "side": "sell", "seq": 62}
{"timestamp_ns": 1755288660000000000, "symbol": "SOLUSDT", "type": "trade", "price": 184.35, "volume": 2047.37, "side": "sell", "seq": 63}
{"timestamp_ns": 1755288720000000000, "symbol": "SOLUSDT", "type": "trade", "price": 184.44, "volume": 1886.499, "side": "sell", "seq": 64}
{"timestamp_ns": 1755288780000000000, "symbol": "SOLUSDT", "type": "trade", "price": 184.4, "volume": 1713.98, "side": "sell", "seq": 65}
{"timestamp_ns": 1755288840000000000, "symbol": "SOLUSDT", "type": "trade", "price": 184.28, "volume": 1514.932, "side": "sell", "seq": 66}
{"timestamp_ns": 1755288900000000000, "symbol": "SOLUSDT", "type": "trade", "price": 184.29, "volume": 1079.422, "side": "buy", "seq": 67}
{"timestamp_ns": 1755288960000000000, "symbol": "SOLUSDT", "type": "trade", "price": 184.14, "volume": 1015.483, "side": "buy", "seq": 68}
{"timestamp_ns": 1755289020000000000, "symbol": "SOLUSDT", "type": "trade", "price": 184.16, "volume": 1603.336, "side": "buy", "seq": 69}
{"timestamp_ns": 1755289080000000000, "symbol": "SOLUSDT", "type": "trade", "price": 184.22, "volume": 885.229, "side": "sell", "seq": 70}
{"timestamp_ns": 1755289080000999936, "symbol": "SOLUSDT", "type": "orderbook", "bids": [[184.2199, 100.0], [184.2198, 200.0]], "asks": [[184.2201, 100.0], [184.2202, 200.0]], "seq": 1000070}
{"timestamp_ns": 1755289140000000000, "symbol": "SOLUSDT", "type": "trade", "price": 184.23, "volume": 3374.882, "side": "sell", "seq": 71}
{"timestamp_ns": 1755289200000000000, "symbol": "SOLUSDT", "type": "trade", "price": 183.9, "volume": 1881.515, "side": "sell", "seq": 72}
{"timestamp_ns": 1755289260000000000, "symbol": "SOLUSDT", "type": "trade", "price": 184.0, "volume": 1179.459, "side": "sell", "seq": 73}
{"timestamp_ns": 1755289320000000000, "symbol": "SOLUSDT", "type": "trade", "price": 184.25, "volume": 692.033, "side": "buy", "seq": 74}
{"timestamp_ns": 1755289380000000000, "symbol": "SOLUSDT", "type": "trade", "price": 183.94, "volume": 1408.564, "side": "buy", "seq": 75}
{"timestamp_ns": 1755289440000000000, "symbol": "SOLUSDT", "type": "trade", "price": 183.83, "volume": 1427.547, "side": "buy", "seq": 76}
{"timestamp_ns": 1755289500000000000, "symbol": "SOLUSDT", "type": "trade", "price": 184.04, "volume": 2014.088, "side": "sell", "seq": 77}
{"timestamp_ns": 1755289560000000000, "symbol": "SOLUSDT", "type": "trade", "price": 183.96, "volume": 1379.943, "side": "buy", "seq": 78}
{"timestamp_ns": 1755289620000000000, "symbol": "SOLUSDT", "type": "trade", "price": 184.1, "volume": 1134.111, "side": "sell", "seq": 79}
{"timestamp_ns": 1755289680000000000, "symbol": "SOLUSDT", "type": "trade", "price": 184.25, "volume": 1167.636, "side": "sell", "seq": 80}
{"timestamp_ns": 1755289680000999936, "symbol": "SOLUSDT", "type": "orderbook", "bids": [[184.2499, 100.0], [184.2498, 200.0]], "asks": [[184.2501, 100.0], [184.2502, 200.0]], "seq": 1000080}
{"timestamp_ns": 1755289740000000000, "symbol": "SOLUSDT", "type": "trade", "price": 184.29, "volume": 868.511, "side": "sell", "seq": 81}
{"timestamp_ns": 1755289800000000000, "symbol": "SOLUSDT", "type": "trade", "price": 184.78, "volume": 5014.76, "side": "buy", "seq": 82}
{"timestamp_ns": 1755289860000000000, "symbol": "SOLUSDT", "type": "trade", "price": 184.84, "volume": 2800.874, "side": "sell", "seq": 83}
{"timestamp_ns": 1755289920000000000, "symbol": "SOLUSDT", "type": "trade", "price": 184.88, "volume": 2911.933, "side": "sell", "seq": 84}
{"timestamp_ns": 1755289980000000000, "symbol": "SOLUSDT", "type": "trade", "price": 184.74, "volume": 3866.969, "side": "sell", "seq": 85}
{"timestamp_ns": 1755290040000000000, "symbol": "SOLUSDT", "type": "trade", "price": 184.33, "volume": 2578.469, "side": "buy", "seq": 86}
{"timestamp_ns": 1755290100000000000, "symbol": "SOLUSDT", "type": "trade", "price": 184.49, "volume": 5090.71, "side": "sell", "seq": 87}
{"timestamp_ns": 1755290160000000000, "symbol": "SOLUSDT", "type": "trade", "price": 184.55, "volume": 816.489, "side": "buy", "seq": 88}
{"timestamp_ns": 1755290220000000000, "symbol": "SOLUSDT", "type": "trade", "price": 184.38, "volume": 1161.775, "side": "sell", "seq": 89}
{"timestamp_ns": 1755290280000000000, "symbol": "SOLUSDT", "type": "trade", "price": 184.49, "volume": 1037.536, "side": "buy", "seq": 90}
{"timestamp_ns": 1755290280000999936, "symbol": "SOLUSDT", "type": "orderbook", "bids": [[184.4899, 100.0], [184.4898, 200.0]], "asks": [[184.4901, 100.0], [184.49020000000002, 200.0]], "seq": 1000090}
{"timestamp_ns": 1755290340000000000, "symbol": "SOLUSDT", "type": "trade", "price": 184.69, "volume": 721.537, "side": "sell", "seq": 91}
{"timestamp_ns": 1755290400000000000, "symbol": "SOLUSDT", "type": "trade", "price": 184.71, "volume": 1384.237, "side": "sell", "seq": 92}
{"timestamp_ns": 1755290460000000000, "symbol": "SOLUSDT", "type": "trade", "price": 184.93, "volume": 1319.935, "side": "sell", "seq": 93}
{"timestamp_ns": 1755290520000000000, "symbol": "SOLUSDT", "type": "trade", "price": 184.69, "volume": 1412.445, "side": "buy", "seq": 94}
{"timestamp_ns": 1755290580000000000, "symbol": "SOLUSDT", "type": "trade", "price": 184.49, "volume": 811.607, "side": "buy", "seq": 95}
{"timestamp_ns": 1755290640000000000, "symbol": "SOLUSDT", "type": "trade", "price": 184.52, "volume": 1322.3, "side": "sell", "seq": 96}
{"timestamp_ns": 1755290700000000000, "symbol": "SOLUSDT", "type": "trade", "price": 184.36, "volume": 1430.492, "side": "buy", "seq": 97}
{"timestamp_ns": 1755290760000000000, "symbol": "SOLUSDT", "type": "trade", "price": 184.61, "volume": 817.914, "side": "buy", "seq": 98}
{"timestamp_ns": 1755290820000000000, "symbol": "SOLUSDT", "type": "trade", "price": 184.62, "volume": 1480.966, "side": "sell", "seq": 99}
{"timestamp_ns": 1755290880000000000, "symbol": "SOLUSDT", "type": "trade", "price": 184.31, "volume": 1111.881, "side": "buy", "seq": 100}
{"timestamp_ns": 1755290880000999936, "symbol": "SOLUSDT", "type": "orderbook", "bids": [[184.3099, 100.0], [184.3098, 200.0]], "asks": [[184.3101, 100.0], [184.3102, 200.0]], "seq": 1000100}
{"timestamp_ns": 1755290940000000000, "symbol": "SOLUSDT", "type": "trade", "price": 184.24, "volume": 928.992, "side": "buy", "seq": 101}
{"timestamp_ns": 1755291000000000000, "symbol": "SOLUSDT", "type": "trade", "price": 184.28, "volume": 1423.835, "side": "buy", "seq": 102}
{"timestamp_ns": 1755291060000000000, "symbol": "SOLUSDT", "type": "trade", "price": 184.19, "volume": 963.361, "side": "sell", "seq": 103}
{"timestamp_ns": 1755291120000000000, "symbol": "SOLUSDT", "type": "trade", "price": 184.25, "volume": 1990.574, "side": "sell", "seq": 104}
{"timestamp_ns": 1755291180000000000, "symbol": "SOLUSDT", "type": "trade", "price": 184.46, "volume": 2072.242, "side": "sell", "seq": 105}
{"timestamp_ns": 1755291240000000000, "symbol": "SOLUSDT", "type": "trade", "price": 184.35, "volume": 1083.467, "side": "sell", "seq": 106}
{"timestamp_ns": 1755291300000000000, "symbol": "SOLUSDT", "type": "trade", "price": 184.63, "volume": 1885.633, "side": "sell", "seq": 107}
{"timestamp_ns": 1755291360000000000, "symbol": "SOLUSDT", "type": "trade", "price": 184.72, "volume": 1302.984, "side": "buy", "seq": 108}
{"timestamp_ns": 1755291420000000000, "symbol": "SOLUSDT", "type": "trade", "price": 184.95, "volume": 2134.675, "side": "buy", "seq": 109}
{"timestamp_ns": 1755291480000000000, "symbol": "SOLUSDT", "type": "trade", "price": 184.71, "volume": 2026.412, "side": "sell", "seq": 110}
{"timestamp_ns": 1755291480000999936, "symbol": "SOLUSDT", "type": "orderbook", "bids": [[184.7099, 100.0], [184.7098, 200.0]], "asks": [[184.7101, 100.0], [184.71020000000001, 200.0]], "seq": 1000110}
{"timestamp_ns": 1755291540000000000, "symbol": "SOLUSDT", "type": "trade", "price": 184.79, "volume": 2687.343, "side": "buy", "seq": 111}
{"timestamp_ns": 1755291600000000000, "symbol": "SOLUSDT", "type": "trade", "price": 184.79, "volume": 2358.116, "side": "sell", "seq": 112}
{"timestamp_ns": 1755291660000000000, "symbol": "SOLUSDT", "type": "trade", "price": 184.85, "volume": 3105.512, "side": "sell", "seq": 113}
{"timestamp_ns": 1755291720000000000, "symbol": "SOLUSDT", "type": "trade", "price": 185.32, "volume": 4868.603, "side": "buy", "seq": 114}
{"timestamp_ns": 1755291780000000000, "symbol": "SOLUSDT", "type": "trade", "price": 185.39, "volume": 2248.04, "side": "buy", "seq": 115}
{"timestamp_ns": 1755291840000000000, "symbol": "SOLUSDT", "type": "trade", "price": 185.17, "volume": 1200.727, "side": "buy", "seq": 116}
{"timestamp_ns": 1755291900000000000, "symbol": "SOLUSDT", "type": "trade", "price": 184.83, "volume": 5915.155, "side": "buy", "seq": 117}
{"timestamp_ns": 1755291960000000000, "symbol": "SOLUSDT", "type": "trade", "price": 184.79, "volume": 2675.787, "side": "sell", "seq": 118}
{"timestamp_ns": 1755292020000000000, "symbol": "SOLUSDT", "type": "trade", "price": 184.87, "volume": 1593.325, "side": "sell", "seq": 119}
{"timestamp_ns": 1755292080000000000, "symbol": "SOLUSDT", "type": "trade", "price": 184.71, "volume": 1132.008, "side": "buy", "seq": 120}
{"timestamp_ns": 1755292080000999936, "symbol": "SOLUSDT", "type": "orderbook", "bids": [[184.7099, 100.0], [184.7098, 200.0]], "asks": [[184.7101, 100.0], [184.71020000000001, 200.0]], "seq": 1000120}
{"timestamp_ns": 1755292140000000000, "symbol": "SOLUSDT", "type": "trade", "price": 184.74, "volume": 1934.571, "side": "sell", "seq": 121}
{"timestamp_ns": 1755292200000000000, "symbol": "SOLUSDT", "type": "trade", "price": 184.82, "volume": 1865.185, "side": "buy", "seq": 122}
{"timestamp_ns": 1755292260000000000, "symbol": "SOLUSDT", "type": "trade", "price": 184.75, "volume": 1265.891, "side": "sell", "seq": 123}
{"timestamp_ns": 1755292320000000000, "symbol": "SOLUSDT", "type": "trade", "price": 184.98, "volume": 1172.598, "side": "sell", "seq": 124}
{"timestamp_ns": 1755292380000000000, "symbol": "SOLUSDT", "type": "trade", "price": 184.69, "volume": 1407.443, "side": "sell", "seq": 125}
{"timestamp_ns": 1755292440000000000, "symbol": "SOLUSDT", "type": "trade", "price": 184.5, "volume": 1752.023, "side": "sell", "seq": 126}
{"timestamp_ns": 1755292500000000000, "symbol": "SOLUSDT", "type": "trade", "price": 184.34, "volume": 2063.067, "side": "buy", "seq": 127}
{"timestamp_ns": 1755292560000000000, "symbol": "SOLUSDT", "type": "trade", "price": 184.15, "volume": 4659.038, "side": "buy", "seq": 128}
{"timestamp_ns": 1755292620000000000, "symbol": "SOLUSDT", "type": "trade", "price": 184.49, "volume": 4522.585, "side": "buy", "seq": 129}
{"timestamp_ns": 1755292680000000000, "symbol": "SOLUSDT", "type": "trade", "price": 184.59, "volume": 2490.216, "side": "buy", "seq": 130}
{"timestamp_ns": 1755292680000999936, "symbol": "SOLUSDT", "type": "orderbook", "bids": [[184.5899, 100.0], [184.5898, 200.0]], "asks": [[184.5901, 100.0], [184.5902, 200.0]], "seq": 1000130}
{"timestamp_ns": 1755292740000000000, "symbol": "SOLUSDT", "type": "trade", "price": 184.47, "volume": 1138.793, "side": "sell", "seq": 131}
{"timestamp_ns": 1755292800000000000, "symbol": "SOLUSDT", "type": "trade", "price": 184.29, "volume": 2366.571, "side": "sell", "seq": 132}
{"timestamp_ns": 1755292860000000000, "symbol": "SOLUSDT", "type": "trade", "price": 184.71, "volume": 1405.062, "side": "buy", "seq": 133}
{"timestamp_ns": 1755292920000000000, "symbol": "SOLUSDT", "type": "trade", "price": 185.01, "volume": 4659.559, "side": "sell", "seq": 134}
{"timestamp_ns": 1755292980000000000, "symbol": "SOLUSDT", "type": "trade", "price": 185.1, "volume": 1778.099, "side": "sell", "seq": 135}
{"timestamp_ns": 1755293040000000000, "symbol": "SOLUSDT", "type": "trade", "price": 185.1, "volume": 1386.481, "side": "buy", "seq": 136}
{"timestamp_ns": 1755293100000000000, "symbol": "SOLUSDT", "type": "trade", "price": 185.19, "volume": 2525.647, "side": "sell", "seq": 137}
{"timestamp_ns": 1755293160000000000, "symbol": "SOLUSDT", "type": "trade", "price": 185.08, "volume": 3476.933, "side": "sell", "seq": 138}
{"timestamp_ns": 1755293220000000000, "symbol": "SOLUSDT", "type": "trade", "price": 184.98, "volume": 1818.202, "side": "buy", "seq": 139}
{"timestamp_ns": 1755293280000000000, "symbol": "SOLUSDT", "type": "trade", "price": 185.0, "volume": 1046.505, "side": "buy", "seq": 140}
{"timestamp_ns": 1755293280000999936, "symbol": "SOLUSDT", "type": "orderbook", "bids": [[184.9999, 100.0], [184.9998, 200.0]], "asks": [[185.0001, 100.0], [185.0002, 200.0]], "seq": 1000140}
{"timestamp_ns": 1755293340000000000, "symbol": "SOLUSDT", "type": "trade", "price": 184.95, "volume": 1002.89, "side": "sell", "seq": 141}
{"timestamp_ns": 1755293400000000000, "symbol": "SOLUSDT", "type": "trade", "price": 184.53, "volume": 2900.474, "side": "sell", "seq": 142}
{"timestamp_ns": 1755293460000000000, "symbol": "SOLUSDT", "type": "trade", "price": 184.79, "volume": 1872.768, "side": "sell", "seq": 143}
{"timestamp_ns": 1755293520000000000, "symbol": "SOLUSDT", "type": "trade", "price": 184.56, "volume": 1902.685, "side": "sell", "seq": 144}
{"timestamp_ns": 1755293580000000000, "symbol": "SOLUSDT", "type": "trade", "price": 184.56, "volume": 1922.407, "side": "buy", "seq": 145}
{"timestamp_ns": 1755293640000000000, "symbol": "SOLUSDT", "type": "trade", "price": 184.74, "volume": 527.943, "side": "sell", "seq": 146}
{"timestamp_ns": 1755293700000000000, "symbol": "SOLUSDT", "type": "trade", "price": 184.95, "volume": 1049.301, "side": "buy", "seq": 147}
{"timestamp_ns": 1755293760000000000, "symbol": "SOLUSDT", "type": "trade", "price": 184.99, "volume": 1019.912, "side": "buy", "seq": 148}
{"timestamp_ns": 1755293820000000000, "symbol": "SOLUSDT", "type": "trade", "price": 185.11, "volume": 786.032, "side": "sell", "seq": 149}
{"timestamp_ns": 1755293880000000000, "symbol": "SOLUSDT", "type": "trade", "price": 185.03, "volume": 1769.712, "side": "sell", "seq": 150}
{"timestamp_ns": 1755293880000999936, "symbol": "SOLUSDT", "type": "orderbook", "bids": [[185.0299, 100.0], [185.0298, 200.0]], "asks": [[185.0301, 100.0], [185.0302, 200.0]], "seq": 1000150}
{"timestamp_ns": 1755293940000000000, "symbol": "SOLUSDT", "type": "trade", "price": 184.74, "volume": 871.999, "side": "sell", "seq": 151}
{"timestamp_ns": 1755294000000000000, "symbol": "SOLUSDT", "type": "trade", "price": 184.71, "volume": 1065.311, "side": "sell", "seq": 152}
{"timestamp_ns": 1755294060000000000, "symbol": "SOLUSDT", "type": "trade", "price": 185.01, "volume": 1287.845, "side": "sell", "seq": 153}
{"timestamp_ns": 1755294120000000000, "symbol": "SOLUSDT", "type": "trade", "price": 185.21, "volume": 1926.149, "side": "sell", "seq": 154}
{"timestamp_ns": 1755294180000000000, "symbol": "SOLUSDT", "type": "trade", "price": 185.14, "volume": 2026.244, "side": "buy", "seq": 155}
{"timestamp_ns": 1755294240000000000, "symbol": "SOLUSDT", "type": "trade", "price": 185.18, "volume": 747.188, "side": "sell", "seq": 156}
{"timestamp_ns": 1755294300000000000, "symbol": "SOLUSDT", "type": "trade", "price": 185.38, "volume": 1106.314, "side": "sell", "seq": 157}
{"timestamp_ns": 1755294360000000000, "symbol": "SOLUSDT", "type": "trade", "price": 185.43, "volume": 2826.212, "side": "sell", "seq": 158}
{"timestamp_ns": 1755294420000000000, "symbol": "SOLUSDT", "type": "trade", "price": 185.3, "volume": 1258.532, "side": "buy", "seq": 159}
{"timestamp_ns": 1755294480000000000, "symbol": "SOLUSDT", "type": "trade", "price": 185.39, "volume": 1048.5, "side": "buy", "seq": 160}
{"timestamp_ns": 1755294480000999936, "symbol": "SOLUSDT", "type": "orderbook", "bids": [[185.38989999999998, 100.0], [185.38979999999998, 200.0]], "asks": [[185.3901, 100.0], [185.3902, 200.0]], "seq": 1000160}
{"timestamp_ns": 1755294540000000000, "symbol": "SOLUSDT", "type": "trade", "price": 185.5, "volume": 558.779, "side": "buy", "seq": 161}
{"timestamp_ns": 1755294600000000000, "symbol": "SOLUSDT", "type": "trade", "price": 185.48, "volume": 970.421, "side": "sell", "seq": 162}
{"timestamp_ns": 1755294660000000000, "symbol": "SOLUSDT", "type": "trade", "price": 185.51, "volume": 856.678, "side": "sell", "seq": 163}
{"timestamp_ns": 1755294720000000000, "symbol": "SOLUSDT", "type": "trade", "price": 185.58, "volume": 1945.75, "side": "buy", "seq": 164}
{"timestamp_ns": 1755294780000000000, "symbol": "SOLUSDT", "type": "trade", "price": 185.62, "volume": 758.075, "side": "buy", "seq": 165}
{"timestamp_ns": 1755294840000000000, "symbol": "SOLUSDT", "type": "trade", "price": 185.57, "volume": 1568.808, "side": "buy", "seq": 166}
{"timestamp_ns": 1755294900000000000, "symbol": "SOLUSDT", "type": "trade", "price": 185.38, "volume": 2196.046, "side": "buy", "seq": 167}
{"timestamp_ns": 1755294960000000000, "symbol": "SOLUSDT", "type": "trade", "price": 185.52, "volume": 1590.805, "side": "sell", "seq": 168}
{"timestamp_ns": 1755295020000000000, "symbol": "SOLUSDT", "type": "trade", "price": 185.62, "volume": 1065.1, "side": "sell", "seq": 169}
{"timestamp_ns": 1755295080000000000, "symbol": "SOLUSDT", "type": "trade", "price": 185.51, "volume": 862.562, "side": "buy", "seq": 170}
{"timestamp_ns": 1755295080000999936, "symbol": "SOLUSDT", "type": "orderbook", "bids": [[185.5099, 100.0], [185.50979999999998, 200.0]], "asks": [[185.5101, 100.0], [185.5102, 200.0]], "seq": 1000170}
{"timestamp_ns": 1755295140000000000, "symbol": "SOLUSDT", "type": "trade", "price": 185.63, "volume": 2366.466, "side": "buy", "seq": 171}
{"timestamp_ns": 1755295200000000000, "symbol": "SOLUSDT", "type": "trade", "price": 185.72, "volume": 2499.838, "side": "sell", "seq": 172}
{"timestamp_ns": 1755295260000000000, "symbol": "SOLUSDT", "type": "trade", "price": 185.62, "volume": 2496.095, "side": "buy", "seq": 173}
{"timestamp_ns": 1755295320000000000, "symbol": "SOLUSDT", "type": "trade", "price": 185.85, "volume": 4918.609, "side": "sell", "seq": 174}
{"timestamp_ns": 1755295380000000000, "symbol": "SOLUSDT", "type": "trade", "price": 186.03, "volume": 3302.137, "side": "buy", "seq": 175}
{"timestamp_ns": 1755295440000000000, "symbol": "SOLUSDT", "type": "trade", "price": 185.73, "volume": 2222.064, "side": "sell", "seq": 176}
{"timestamp_ns": 1755295500000000000, "symbol": "SOLUSDT", "type": "trade", "price": 185.62, "volume": 1438.422, "side": "buy", "seq": 177}
{"timestamp_ns": 1755295560000000000, "symbol": "SOLUSDT", "type": "trade", "price": 185.6, "volume": 1879.817, "side": "buy", "seq": 178}
{"timestamp_ns": 1755295620000000000, "symbol": "SOLUSDT", "type": "trade", "price": 185.83, "volume": 818.165, "side": "buy", "seq": 179}
{"timestamp_ns": 1755295680000000000, "symbol": "SOLUSDT", "type": "trade", "price": 185.67, "volume": 599.276, "side": "sell", "seq": 180}
{"timestamp_ns": 1755295680000999936, "symbol": "SOLUSDT", "type": "orderbook", "bids": [[185.66989999999998, 100.0], [185.66979999999998, 200.0]], "asks": [[185.6701, 100.0], [185.6702, 200.0]], "seq": 1000180}
{"timestamp_ns": 1755295740000000000, "symbol": "SOLUSDT", "type": "trade", "price": 185.52, "volume": 742.442, "side": "sell", "seq": 181}
{"timestamp_ns": 1755295800000000000, "symbol": "SOLUSDT", "type": "trade", "price": 185.49, "volume": 1931.671, "side": "buy", "seq": 182}
{"timestamp_ns": 1755295860000000000, "symbol": "SOLUSDT", "type": "trade", "price": 185.26, "volume": 1867.02, "side": "buy", "seq": 183}
{"timestamp_ns": 1755295920000000000, "symbol": "SOLUSDT", "type": "trade", "price": 185.32, "volume": 1377.318, "side": "buy", "seq": 184}
{"timestamp_ns": 1755295980000000000, "symbol": "SOLUSDT", "type": "trade", "price": 185.36, "volume": 622.77, "side": "sell", "seq": 185}
{"timestamp_ns": 1755296040000000000, "symbol": "SOLUSDT", "type": "trade", "price": 185.28, "volume": 601.858, "side": "buy", "seq": 186}
{"timestamp_ns": 1755296100000000000, "symbol": "SOLUSDT", "type": "trade", "price": 185.32, "volume": 546.759, "side": "buy", "seq": 187}
{"timestamp_ns": 1755296160000000000, "symbol": "SOLUSDT", "type": "trade", "price": 185.29, "volume": 816.733, "side": "buy", "seq": 188}
{"timestamp_ns": 1755296220000000000, "symbol": "SOLUSDT", "type": "trade", "price": 185.66, "volume": 2307.21, "side": "sell", "seq": 189}
{"timestamp_ns": 1755296280000000000, "symbol": "SOLUSDT", "type": "trade", "price": 185.59, "volume": 1041.828, "side": "sell", "seq": 190}
{"timestamp_ns": 1755296280000999936, "symbol": "SOLUSDT", "type": "orderbook", "bids": [[185.5899, 100.0], [185.5898, 200.0]], "asks": [[185.5901, 100.0], [185.5902, 200.0]], "seq": 1000190}
{"timestamp_ns": 1755296340000000000, "symbol": "SOLUSDT", "type": "trade", "price": 185.56, "volume": 697.777, "side": "sell", "seq": 191}
{"timestamp_ns": 1755296400000000000, "symbol": "SOLUSDT", "type": "trade", "price": 185.7, "volume": 613.934, "side": "buy", "seq": 192}
{"timestamp_ns": 1755296460000000000, "symbol": "SOLUSDT", "type": "trade", "price": 185.79, "volume": 1656.367, "side": "sell", "seq": 193}
{"timestamp_ns": 1755296520000000000, "symbol": "SOLUSDT", "type": "trade", "price": 185.87, "volume": 819.366, "side": "sell", "seq": 194}
{"timestamp_ns": 1755296580000000000, "symbol": "SOLUSDT", "type": "trade", "price": 185.88, "volume": 1689.278, "side": "buy", "seq": 195}
{"timestamp_ns": 1755296640000000000, "symbol": "SOLUSDT", "type": "trade", "price": 185.84, "volume": 1369.46, "side": "buy", "seq": 196}
{"timestamp_ns": 1755296700000000000, "symbol": "SOLUSDT", "type": "trade", "price": 185.74, "volume": 1041.401, "side": "sell", "seq": 197}
{"timestamp_ns": 1755296760000000000, "symbol": "SOLUSDT", "type": "trade", "price": 185.76, "volume": 1319.76, "side": "sell", "seq": 198}
{"timestamp_ns": 1755296820000000000, "symbol": "SOLUSDT", "type": "trade", "price": 185.77, "volume": 450.303, "side": "buy", "seq": 199}
{"timestamp_ns": 1755296880000000000, "symbol": "SOLUSDT", "type": "trade", "price": 185.75, "volume": 3219.128, "side": "sell", "seq": 200}
{"timestamp_ns": 1755296880000999936, "symbol": "SOLUSDT", "type": "orderbook", "bids": [[185.7499, 100.0], [185.7498, 200.0]], "asks": [[185.7501, 100.0], [185.7502, 200.0]], "seq": 1000200}
{"timestamp_ns": 1755296940000000000, "symbol": "SOLUSDT", "type": "trade", "price": 185.74, "volume": 1975.555, "side": "buy", "seq": 201}
{"timestamp_ns": 1755297000000000000, "symbol": "SOLUSDT", "type": "trade", "price": 185.84, "volume": 1494.487, "side": "sell", "seq": 202}
{"timestamp_ns": 1755297060000000000, "symbol": "SOLUSDT", "type": "trade", "price": 185.87, "volume": 4056.635, "side": "sell", "seq": 203}
{"timestamp_ns": 1755297120000000000, "symbol": "SOLUSDT", "type": "trade", "price": 186.0, "volume": 1605.886, "side": "sell", "seq": 204}
{"timestamp_ns": 1755297180000000000, "symbol": "SOLUSDT", "type": "trade", "price": 185.99, "volume": 3709.554, "side": "sell", "seq": 205}
{"timestamp_ns": 1755297240000000000, "symbol": "SOLUSDT", "type": "trade", "price": 186.11, "volume": 2998.709, "side": "sell", "seq": 206}
{"timestamp_ns": 1755297300000000000, "symbol": "SOLUSDT", "type": "trade", "price": 186.18, "volume": 1518.402, "side": "buy", "seq": 207}
{"timestamp_ns": 1755297360000000000, "symbol": "SOLUSDT", "type": "trade", "price": 186.17, "volume": 1077.894, "side": "sell", "seq": 208}
{"timestamp_ns": 1755297420000000000, "symbol": "SOLUSDT", "type": "trade", "price": 186.2, "volume": 1011.557, "side": "buy", "seq": 209}
{"timestamp_ns": 1755297480000000000, "symbol": "SOLUSDT", "type": "trade", "price": 186.23, "volume": 1978.585, "side": "sell", "seq": 210}
{"timestamp_ns": 1755297480000999936, "symbol": "SOLUSDT", "type": "orderbook", "bids": [[186.2299, 100.0], [186.22979999999998, 200.0]], "asks": [[186.2301, 100.0], [186.2302, 200.0]], "seq": 1000210}
{"timestamp_ns": 1755297540000000000, "symbol": "SOLUSDT", "type": "trade", "price": 186.25, "volume": 5258.247, "side": "sell", "seq": 211}
{"timestamp_ns": 1755297600000000000, "symbol": "SOLUSDT", "type": "trade", "price": 186.13, "volume": 2532.367, "side": "sell", "seq": 212}
{"timestamp_ns": 1755297660000000000, "symbol": "SOLUSDT", "type": "trade", "price": 186.22, "volume": 3692.873, "side": "sell", "seq": 213}
{"timestamp_ns": 1755297720000000000, "symbol": "SOLUSDT", "type": "trade", "price": 186.31, "volume": 5987.72, "side": "sell", "seq": 214}
{"timestamp_ns": 1755297780000000000, "symbol": "SOLUSDT", "type": "trade", "price": 186.29, "volume": 671.228, "side": "sell", "seq": 215}
{"timestamp_ns": 1755297840000000000, "symbol": "SOLUSDT", "type": "trade", "price": 186.32, "volume": 1286.836, "side": "buy", "seq": 216}
{"timestamp_ns": 1755297900000000000, "symbol": "SOLUSDT", "type": "trade", "price": 186.44, "volume": 2159.515, "side": "sell", "seq": 217}
{"timestamp_ns": 1755297960000000000, "symbol": "SOLUSDT", "type": "trade", "price": 186.45, "volume": 2204.416, "side": "buy", "seq": 218}
{"timestamp_ns": 1755298020000000000, "symbol": "SOLUSDT", "type": "trade", "price": 186.4, "volume": 3346.98, "side": "sell", "seq": 219}
{"timestamp_ns": 1755298080000000000, "symbol": "SOLUSDT", "type": "trade", "price": 186.33, "volume": 1394.839, "side": "buy", "seq": 220}
{"timestamp_ns": 1755298080000999936, "symbol": "SOLUSDT", "type": "orderbook", "bids": [[186.3299, 100.0], [186.3298, 200.0]], "asks": [[186.33010000000002, 100.0], [186.33020000000002, 200.0]], "seq": 1000220}
{"timestamp_ns": 1755298140000000000, "symbol": "SOLUSDT", "type": "trade", "price": 186.61, "volume": 2525.263, "side": "sell", "seq": 221}
{"timestamp_ns": 1755298200000000000, "symbol": "SOLUSDT", "type": "trade", "price": 186.82, "volume": 2583.216, "side": "sell", "seq": 222}
{"timestamp_ns": 1755298260000000000, "symbol": "SOLUSDT", "type": "trade", "price": 186.76, "volume": 1532.165, "side": "buy", "seq": 223}
{"timestamp_ns": 1755298320000000000, "symbol": "SOLUSDT", "type": "trade", "price": 187.16, "volume": 6448.391, "side": "sell", "seq": 224}
{"timestamp_ns": 1755298380000000000, "symbol": "SOLUSDT", "type": "trade", "price": 187.33, "volume": 16741.31, "side": "buy", "seq": 225}
{"timestamp_ns": 1755298440000000000, "symbol": "SOLUSDT", "type": "trade", "price": 187.58, "volume": 4204.932, "side": "buy", "seq": 226}
{"timestamp_ns": 1755298500000000000, "symbol": "SOLUSDT", "type": "trade", "price": 187.62, "volume": 6171.708, "side": "buy", "seq": 227}
{"timestamp_ns": 1755298560000000000, "symbol": "SOLUSDT", "type": "trade", "price": 187.78, "volume": 2692.64, "side": "buy", "seq": 228}
{"timestamp_ns": 1755298620000000000, "symbol": "SOLUSDT", "type": "trade", "price": 187.84, "volume": 3818.437, "side": "buy", "seq": 229}
{"timestamp_ns": 1755298680000000000, "symbol": "SOLUSDT", "type": "trade", "price": 187.73, "volume": 1954.775, "side": "sell", "seq": 230}
{"timestamp_ns": 1755298680000999936, "symbol": "SOLUSDT", "type": "orderbook", "bids": [[187.7299, 100.0], [187.72979999999998, 200.0]], "asks": [[187.7301, 100.0], [187.7302, 200.0]], "seq": 1000230}
{"timestamp_ns": 1755298740000000000, "symbol": "SOLUSDT", "type": "trade", "price": 187.72, "volume": 2765.691, "side": "buy", "seq": 231}
{"timestamp_ns": 1755298800000000000, "symbol": "SOLUSDT", "type": "trade", "price": 187.86, "volume": 4299.271, "side": "buy", "seq": 232}
{"timestamp_ns": 1755298860000000000, "symbol": "SOLUSDT", "type": "trade", "price": 188.03, "volume": 3550.285, "side": "buy", "seq": 233}
{"timestamp_ns": 1755298920000000000, "symbol": "SOLUSDT", "type": "trade", "price": 188.05, "volume": 3613.159, "side": "sell", "seq": 234}
{"timestamp_ns": 1755298980000000000, "symbol": "SOLUSDT", "type": "trade", "price": 187.15, "volume": 11382.247, "side": "buy", "seq": 235}
{"timestamp_ns": 1755299040000000000, "symbol": "SOLUSDT", "type": "trade", "price": 186.52, "volume": 4677.735, "side": "sell", "seq": 236}
{"timestamp_ns": 1755299100000000000, "symbol": "SOLUSDT", "type": "trade", "price": 186.95, "volume": 3809.228, "side": "sell", "seq": 237}
{"timestamp_ns": 1755299160000000000, "symbol": "SOLUSDT", "type": "trade", "price": 186.07, "volume": 8548.636, "side": "buy", "seq": 238}
{"timestamp_ns": 1755299220000000000, "symbol": "SOLUSDT", "type": "trade", "price": 186.22, "volume": 4231.105, "side": "sell", "seq": 239}
{"timestamp_ns": 1755299280000000000, "symbol": "SOLUSDT", "type": "trade", "price": 186.24, "volume": 3042.791, "side": "sell", "seq": 240}
{"timestamp_ns": 1755299280000999936, "symbol": "SOLUSDT", "type": "orderbook", "bids": [[186.2399, 100.0], [186.2398, 200.0]], "asks": [[186.2401, 100.0], [186.24020000000002, 200.0]], "seq": 1000240}
{"timestamp_ns": 1755299340000000000, "symbol": "SOLUSDT", "type": "trade", "price": 185.95, "volume": 2650.574, "side": "buy", "seq": 241}
{"timestamp_ns": 1755299400000000000, "symbol": "SOLUSDT", "type": "trade", "price": 186.14, "volume": 3084.567, "side": "sell", "seq": 242}
{"timestamp_ns": 1755299460000000000, "symbol": "SOLUSDT", "type": "trade", "price": 186.02, "volume": 1214.248, "side": "sell", "seq": 243}
{"timestamp_ns": 1755299520000000000, "symbol": "SOLUSDT", "type": "trade", "price": 186.16, "volume": 1782.013, "side": "buy", "seq": 244}
{"timestamp_ns": 1755299580000000000, "symbol": "SOLUSDT", "type": "trade", "price": 185.81, "volume": 1877.385, "side": "buy", "seq": 245}
{"timestamp_ns": 1755299640000000000, "symbol": "SOLUSDT", "type": "trade", "price": 185.7, "volume": 2648.546, "side": "buy", "seq": 246}
{"timestamp_ns": 1755299700000000000, "symbol": "SOLUSDT", "type": "trade", "price": 185.21, "volume": 3996.598, "side": "buy", "seq": 247}
{"timestamp_ns": 1755299760000000000, "symbol": "SOLUSDT", "type": "trade", "price": 185.31, "volume": 2856.195, "side": "sell", "seq": 248}
{"timestamp_ns": 1755299820000000000, "symbol": "SOLUSDT", "type": "trade", "price": 185.34, "volume": 1637.922, "side": "sell", "seq": 249}
{"timestamp_ns": 1755299880000000000, "symbol": "SOLUSDT", "type": "trade", "price": 185.67, "volume": 2286.584, "side": "sell", "seq": 250}
{"timestamp_ns": 1755299880000999936, "symbol": "SOLUSDT", "type": "orderbook", "bids": [[185.66989999999998, 100.0], [185.66979999999998, 200.0]], "asks": [[185.6701, 100.0], [185.6702, 200.0]], "seq": 1000250}
{"timestamp_ns": 1755299940000000000, "symbol": "SOLUSDT", "type": "trade", "price": 185.46, "volume": 1199.015, "side": "sell", "seq": 251}
{"timestamp_ns": 1755300000000000000, "symbol": "SOLUSDT", "type": "trade", "price": 185.45, "volume": 2143.237, "side": "buy", "seq": 252}
{"timestamp_ns": 1755300060000000000, "symbol": "SOLUSDT", "type": "trade", "price": 185.28, "volume": 936.211, "side": "sell", "seq": 253}
{"timestamp_ns": 1755300120000000000, "symbol": "SOLUSDT", "type": "trade", "price": 185.01, "volume": 4754.31, "side": "buy", "seq": 254}
{"timestamp_ns": 1755300180000000000, "symbol": "SOLUSDT", "type": "trade", "price": 184.37, "volume": 12152.101, "side": "sell", "seq": 255}
{"timestamp_ns": 1755300240000000000, "symbol": "SOLUSDT", "type": "trade", "price": 184.69, "volume": 2490.845, "side": "buy", "seq": 256}
{"timestamp_ns": 1755300300000000000, "symbol": "SOLUSDT", "type": "trade", "price": 184.99, "volume": 3776.699, "side": "buy", "seq": 257}
{"timestamp_ns": 1755300360000000000, "symbol": "SOLUSDT", "type": "trade", "price": 184.99, "volume": 1749.843, "side": "sell", "seq": 258}
{"timestamp_ns": 1755300420000000000, "symbol": "SOLUSDT", "type": "trade", "price": 185.13, "volume": 1667.444, "side": "buy", "seq": 259}
{"timestamp_ns": 1755300480000000000, "symbol": "SOLUSDT", "type": "trade", "price": 185.16, "volume": 1727.008, "side": "sell", "seq": 260}
{"timestamp_ns": 1755300480000999936, "symbol": "SOLUSDT", "type": "orderbook", "bids": [[185.1599, 100.0], [185.1598, 200.0]], "asks": [[185.1601, 100.0], [185.1602, 200.0]], "seq": 1000260}
{"timestamp_ns": 1755300540000000000, "symbol": "SOLUSDT", "type": "trade", "price": 185.46, "volume": 9548.467, "side": "buy", "seq": 261}
{"timestamp_ns": 1755300600000000000, "symbol": "SOLUSDT", "type": "trade", "price": 185.09, "volume": 1806.869, "side": "buy", "seq": 262}
{"timestamp_ns": 1755300660000000000, "symbol": "SOLUSDT", "type": "trade", "price": 185.03, "volume": 2019.423, "side": "buy", "seq": 263}
{"timestamp_ns": 1755300720000000000, "symbol": "SOLUSDT", "type": "trade", "price": 185.07, "volume": 410.383, "side": "sell", "seq": 264}
{"timestamp_ns": 1755300780000000000, "symbol": "SOLUSDT", "type": "trade", "price": 185.28, "volume": 1407.761, "side": "buy", "seq": 265}
{"timestamp_ns": 1755300840000000000, "symbol": "SOLUSDT", "type": "trade", "price": 185.27, "volume": 1126.275, "side": "sell", "seq": 266}
{"timestamp_ns": 1755300900000000000, "symbol": "SOLUSDT", "type": "trade", "price": 185.12, "volume": 1918.901, "side": "sell", "seq": 267}
{"timestamp_ns": 1755300960000000000, "symbol": "SOLUSDT", "type": "trade", "price": 185.2, "volume": 649.643, "side": "buy", "seq": 268}
{"timestamp_ns": 1755301020000000000, "symbol": "SOLUSDT", "type": "trade", "price": 185.19, "volume": 1527.468, "side": "sell", "seq": 269}
{"timestamp_ns": 1755301080000000000, "symbol": "SOLUSDT", "type": "trade", "price": 185.54, "volume": 1232.108, "side": "sell", "seq": 270}
{"timestamp_ns": 1755301080000999936, "symbol": "SOLUSDT", "type": "orderbook", "bids": [[185.5399, 100.0], [185.53979999999999, 200.0]], "asks": [[185.5401, 100.0], [185.5402, 200.0]], "seq": 1000270}
{"timestamp_ns": 1755301140000000000, "symbol": "SOLUSDT", "type": "trade", "price": 185.62, "volume": 3380.162, "side": "sell", "seq": 271}
{"timestamp_ns": 1755301200000000000, "symbol": "SOLUSDT", "type": "trade", "price": 185.66, "volume": 2099.113, "side": "sell", "seq": 272}
{"timestamp_ns": 1755301260000000000, "symbol": "SOLUSDT", "type": "trade", "price": 185.46, "volume": 2259.54, "side": "buy", "seq": 273}
{"timestamp_ns": 1755301320000000000, "symbol": "SOLUSDT", "type": "trade", "price": 185.4, "volume": 3172.879, "side": "buy", "seq": 274}
{"timestamp_ns": 1755301380000000000, "symbol": "SOLUSDT", "type": "trade", "price": 185.32, "volume": 954.097, "side": "buy", "seq": 275}
{"timestamp_ns": 1755301440000000000, "symbol": "SOLUSDT", "type": "trade", "price": 185.07, "volume": 4504.535, "side": "buy", "seq": 276}
{"timestamp_ns": 1755301500000000000, "symbol": "SOLUSDT", "type": "trade", "price": 185.24, "volume": 3875.697, "side": "sell", "seq": 277}
{"timestamp_ns": 1755301560000000000, "symbol": "SOLUSDT", "type": "trade", "price": 185.32, "volume": 1623.026, "side": "sell", "seq": 278}
{"timestamp_ns": 1755301620000000000, "symbol": "SOLUSDT", "type": "trade", "price": 185.26, "volume": 2478.393, "side": "buy", "seq": 279}
{"timestamp_ns": 1755301680000000000, "symbol": "SOLUSDT", "type": "trade", "price": 185.42, "volume": 441.136, "side": "buy", "seq": 280}
{"timestamp_ns": 1755301680000999936, "symbol": "SOLUSDT", "type": "orderbook", "bids": [[185.41989999999998, 100.0], [185.41979999999998, 200.0]], "asks": [[185.4201, 100.0], [185.4202, 200.0]], "seq": 1000280}
{"timestamp_ns": 1755301740000000000, "symbol": "SOLUSDT", "type": "trade", "price": 185.37, "volume": 743.967, "side": "buy", "seq": 281}
{"timestamp_ns": 1755301800000000000, "symbol": "SOLUSDT", "type": "trade", "price": 185.4, "volume": 1153.479, "side": "buy", "seq": 282}
{"timestamp_ns": 1755301860000000000, "symbol": "SOLUSDT", "type": "trade", "price": 185.3, "volume": 672.028, "side": "sell", "seq": 283}
{"timestamp_ns": 1755301920000000000, "symbol": "SOLUSDT", "type": "trade", "price": 185.43, "volume": 750.987, "side": "buy", "seq": 284}
{"timestamp_ns": 1755301980000000000, "symbol": "SOLUSDT", "type": "trade", "price": 185.37, "volume": 435.695, "side": "buy", "seq": 285}
{"timestamp_ns": 1755302040000000000, "symbol": "SOLUSDT", "type": "trade", "price": 185.49, "volume": 99.543, "side": "sell", "seq": 286}
{"timestamp_ns": 1755302100000000000, "symbol": "SOLUSDT", "type": "trade", "price": 185.55, "volume": 679.495, "side": "sell", "seq": 287}
{"timestamp_ns": 1755302160000000000, "symbol": "SOLUSDT", "type": "trade", "price": 185.64, "volume": 2640.054, "side": "buy", "seq": 288}
{"timestamp_ns": 1755302220000000000, "symbol": "SOLUSDT", "type": "trade", "price": 185.65, "volume": 462.913, "side": "buy", "seq": 289}
{"timestamp_ns": 1755302280000000000, "symbol": "SOLUSDT", "type": "trade", "price": 185.67, "volume": 1410.387, "side": "buy", "seq": 290}
{"timestamp_ns": 1755302280000999936, "symbol": "SOLUSDT", "type": "orderbook", "bids": [[185.66989999999998, 100.0], [185.66979999999998, 200.0]], "asks": [[185.6701, 100.0], [185.6702, 200.0]], "seq": 1000290}
{"timestamp_ns": 1755302340000000000, "symbol": "SOLUSDT", "type": "trade", "price": 185.72, "volume": 3335.307, "side": "buy", "seq": 291}
{"timestamp_ns": 1755302400000000000, "symbol": "SOLUSDT", "type": "trade", "price": 185.43, "volume": 2050.26, "side": "buy", "seq": 292}
{"timestamp_ns": 1755302460000000000, "symbol": "SOLUSDT", "type": "trade", "price": 185.48, "volume": 3116.144, "side": "sell", "seq": 293}
{"timestamp_ns": 1755302520000000000, "symbol": "SOLUSDT", "type": "trade", "price": 185.39, "volume": 1931.769, "side": "sell", "seq": 294}
{"timestamp_ns": 1755302580000000000, "symbol": "SOLUSDT", "type": "trade", "price": 185.69, "volume": 1776.18, "side": "sell", "seq": 295}
{"timestamp_ns": 1755302640000000000, "symbol": "SOLUSDT", "type": "trade", "price": 185.92, "volume": 2734.792, "side": "buy", "seq": 296}
{"timestamp_ns": 1755302700000000000, "symbol": "SOLUSDT", "type": "trade", "price": 186.17, "volume": 3013.969, "side": "sell", "seq": 297}
{"timestamp_ns": 1755302760000000000, "symbol": "SOLUSDT", "type": "trade", "price": 185.96, "volume": 1594.235, "side": "buy", "seq": 298}
{"timestamp_ns": 1755302820000000000, "symbol": "SOLUSDT", "type": "trade", "price": 186.03, "volume": 1659.411, "side": "sell", "seq": 299}
{"timestamp_ns": 1755302880000000000, "symbol": "SOLUSDT", "type": "trade", "price": 186.1, "volume": 2097.18, "side": "sell", "seq": 300}
{"timestamp_ns": 1755302880000999936, "symbol": "SOLUSDT", "type": "orderbook", "bids": [[186.0999, 100.0], [186.0998, 200.0]], "asks": [[186.1001, 100.0], [186.1002, 200.0]], "seq": 1000300}
{"timestamp_ns": 1755302940000000000, "symbol": "SOLUSDT", "type": "trade", "price": 186.36, "volume": 2274.746, "side": "sell", "seq": 301}
{"timestamp_ns": 1755303000000000000, "symbol": "SOLUSDT", "type": "trade", "price": 186.49, "volume": 3922.649, "side": "buy", "seq": 302}
{"timestamp_ns": 1755303060000000000, "symbol": "SOLUSDT", "type": "trade", "price": 186.53, "volume": 1955.111, "side": "buy", "seq": 303}
{"timestamp_ns": 1755303120000000000, "symbol": "SOLUSDT", "type": "trade", "price": 186.51, "volume": 1384.72, "side": "buy", "seq": 304}
{"timestamp_ns": 1755303180000000000, "symbol": "SOLUSDT", "type": "trade", "price": 186.6, "volume": 692.74, "side": "buy", "seq": 305}
{"timestamp_ns": 1755303240000000000, "symbol": "SOLUSDT", "type": "trade", "price": 186.67, "volume": 1765.21, "side": "buy", "seq": 306}
{"timestamp_ns": 1755303300000000000, "symbol": "SOLUSDT", "type": "trade", "price": 186.8, "volume": 5528.294, "side": "buy", "seq": 307}
{"timestamp_ns": 1755303360000000000, "symbol": "SOLUSDT", "type": "trade", "price": 186.43, "volume": 2050.444, "side": "sell", "seq": 308}
{"timestamp_ns": 1755303420000000000, "symbol": "SOLUSDT", "type": "trade", "price": 186.36, "volume": 1660.035, "side": "sell", "seq": 309}
{"timestamp_ns": 1755303480000000000, "symbol": "SOLUSDT", "type": "trade", "price": 186.01, "volume": 1647.609, "side": "buy", "seq": 310}
{"timestamp_ns": 1755303480000999936, "symbol": "SOLUSDT", "type": "orderbook", "bids": [[186.0099, 100.0], [186.00979999999998, 200.0]], "asks": [[186.0101, 100.0], [186.0102, 200.0]], "seq": 1000310}
{"timestamp_ns": 1755303540000000000, "symbol": "SOLUSDT", "type": "trade", "price": 185.94, "volume": 1772.844, "side": "sell", "seq": 311}
{"timestamp_ns": 1755303600000000000, "symbol": "SOLUSDT", "type": "trade", "price": 186.11, "volume": 1345.109, "side": "buy", "seq": 312}
{"timestamp_ns": 1755303660000000000, "symbol": "SOLUSDT", "type": "trade", "price": 186.15, "volume": 1272.498, "side": "buy", "seq": 313}
{"timestamp_ns": 1755303720000000000, "symbol": "SOLUSDT", "type": "trade", "price": 186.38, "volume": 1543.46, "side": "buy", "seq": 314}
{"timestamp_ns": 1755303780000000000, "symbol": "SOLUSDT", "type": "trade", "price": 186.35, "volume": 951.695, "side": "sell", "seq": 315}
{"timestamp_ns": 1755303840000000000, "symbol": "SOLUSDT", "type": "trade", "price": 186.36, "volume": 420.237, "side": "sell", "seq": 316}
{"timestamp_ns": 1755303900000000000, "symbol": "SOLUSDT", "type": "trade", "price": 186.62, "volume": 1274.45, "side": "sell", "seq": 317}
{"timestamp_ns": 1755303960000000000, "symbol": "SOLUSDT", "type": "trade", "price": 186.57, "volume": 1443.92, "side": "sell", "seq": 318}
{"timestamp_ns": 1755304020000000000, "symbol": "SOLUSDT", "type": "trade", "price": 186.21, "volume": 1413.899, "side": "sell", "seq": 319}
{"timestamp_ns": 1755304080000000000, "symbol": "SOLUSDT", "type": "trade", "price": 186.24, "volume": 784.195, "side": "sell", "seq": 320}
{"timestamp_ns": 1755304080000999936, "symbol": "SOLUSDT", "type": "orderbook", "bids": [[186.2399, 100.0], [186.2398, 200.0]], "asks": [[186.2401, 100.0], [186.24020000000002, 200.0]], "seq": 1000320}
{"timestamp_ns": 1755304140000000000, "symbol": "SOLUSDT", "type": "trade", "price": 186.19, "volume": 558.69, "side": "sell", "seq": 321}
{"timestamp_ns": 1755304200000000000, "symbol": "SOLUSDT", "type": "trade", "price": 186.34, "volume": 603.529, "side": "buy", "seq": 322}
{"timestamp_ns": 1755304260000000000, "symbol": "SOLUSDT", "type": "trade", "price": 186.67, "volume": 1276.097, "side": "buy", "seq": 323}
{"timestamp_ns": 1755304320000000000, "symbol": "SOLUSDT", "type": "trade", "price": 186.7, "volume": 3138.48, "side": "sell", "seq": 324}
{"timestamp_ns": 1755304380000000000, "symbol": "SOLUSDT", "type": "trade", "price": 187.06, "volume": 2101.28, "side": "buy", "seq": 325}
{"timestamp_ns": 1755304440000000000, "symbol": "SOLUSDT", "type": "trade", "price": 187.12, "volume": 2073.464, "side": "sell", "seq": 326}
{"timestamp_ns": 1755304500000000000, "symbol": "SOLUSDT", "type": "trade", "price": 187.12, "volume": 2298.383, "side": "buy", "seq": 327}
{"timestamp_ns": 1755304560000000000, "symbol": "SOLUSDT", "type": "trade", "price": 187.2, "volume": 2169.566, "side": "buy", "seq": 328}
{"timestamp_ns": 1755304620000000000, "symbol": "SOLUSDT", "type": "trade", "price": 187.1, "volume": 1729.523, "side": "sell", "seq": 329}
{"timestamp_ns": 1755304680000000000, "symbol": "SOLUSDT", "type": "trade", "price": 187.18, "volume": 1563.188, "side": "buy", "seq": 330}
{"timestamp_ns": 1755304680000999936, "symbol": "SOLUSDT", "type": "orderbook", "bids": [[187.1799, 100.0], [187.1798, 200.0]], "asks": [[187.1801, 100.0], [187.1802, 200.0]], "seq": 1000330}
{"timestamp_ns": 1755304740000000000, "symbol": "SOLUSDT", "type": "trade", "price": 187.3, "volume": 1168.989, "side": "sell", "seq": 331}
{"timestamp_ns": 1755304800000000000, "symbol": "SOLUSDT", "type": "trade", "price": 187.1, "volume": 2248.443, "side": "sell", "seq": 332}
{"timestamp_ns": 1755304860000000000, "symbol": "SOLUSDT", "type": "trade", "price": 187.24, "volume": 863.336, "side": "sell", "seq": 333}
{"timestamp_ns": 1755304920000000000, "symbol": "SOLUSDT", "type": "trade", "price": 187.44, "volume": 2727.835, "side": "buy", "seq": 334}
{"timestamp_ns": 1755304980000000000, "symbol": "SOLUSDT", "type": "trade", "price": 187.47, "volume": 1302.575, "side": "buy", "seq": 335}
{"timestamp_ns": 1755305040000000000, "symbol": "SOLUSDT", "type": "trade", "price": 187.37, "volume": 1383.726, "side": "sell", "seq": 336}
{"timestamp_ns": 1755305100000000000, "symbol": "SOLUSDT", "type": "trade", "price": 187.43, "volume": 2242.96, "side": "buy", "seq": 337}
{"timestamp_ns": 1755305160000000000, "symbol": "SOLUSDT", "type": "trade", "price": 187.55, "volume": 2147.524, "side": "buy", "seq": 338}
{"timestamp_ns": 1755305220000000000, "symbol": "SOLUSDT", "type": "trade", "price": 187.36, "volume": 4889.908, "side": "sell", "seq": 339}
{"timestamp_ns": 1755305280000000000, "symbol": "SOLUSDT", "type": "trade", "price": 187.58, "volume": 1982.575, "side": "buy", "seq": 340}
{"timestamp_ns": 1755305280000999936, "symbol": "SOLUSDT", "type": "orderbook", "bids": [[187.5799, 100.0], [187.5798, 200.0]], "asks": [[187.58010000000002, 100.0], [187.58020000000002, 200.0]], "seq": 1000340}
{"timestamp_ns": 1755305340000000000, "symbol": "SOLUSDT", "type": "trade", "price": 187.75, "volume": 2043.704, "side": "sell", "seq": 341}
{"timestamp_ns": 1755305400000000000, "symbol": "SOLUSDT", "type": "trade", "price": 187.53, "volume": 1045.869, "side": "buy", "seq": 342}
{"timestamp_ns": 1755305460000000000, "symbol": "SOLUSDT", "type": "trade", "price": 187.66, "volume": 1681.125, "side": "buy", "seq": 343}
{"timestamp_ns": 1755305520000000000, "symbol": "SOLUSDT", "type": "trade", "price": 187.65, "volume": 1850.385, "side": "buy", "seq": 344}
{"timestamp_ns": 1755305580000000000, "symbol": "SOLUSDT", "type": "trade", "price": 187.72, "volume": 508.091, "side": "sell", "seq": 345}
{"timestamp_ns": 1755305640000000000, "symbol": "SOLUSDT", "type": "trade", "price": 187.78, "volume": 1510.536, "side": "sell", "seq": 346}
{"timestamp_ns": 1755305700000000000, "symbol": "SOLUSDT", "type": "trade", "price": 187.33, "volume": 1677.655, "side": "buy", "seq": 347}
{"timestamp_ns": 1755305760000000000, "symbol": "SOLUSDT", "type": "trade", "price": 187.56, "volume": 942.316, "side": "buy", "seq": 348}
{"timestamp_ns": 1755305820000000000, "symbol": "SOLUSDT", "type": "trade", "price": 187.5, "volume": 1135.179, "side": "sell", "seq": 349}
{"timestamp_ns": 1755305880000000000, "symbol": "SOLUSDT", "type": "trade", "price": 187.49, "volume": 1098.301, "side": "sell", "seq": 350}
{"timestamp_ns": 1755305880000999936, "symbol": "SOLUSDT", "type": "orderbook", "bids": [[187.4899, 100.0], [187.4898, 200.0]], "asks": [[187.4901, 100.0], [187.49020000000002, 200.0]], "seq": 1000350}
{"timestamp_ns": 1755305940000000000, "symbol": "SOLUSDT", "type": "trade", "price": 187.47, "volume": 447.84, "side": "buy", "seq": 351}
{"timestamp_ns": 1755306000000000000, "symbol": "SOLUSDT", "type": "trade", "price": 187.15, "volume": 2189.444, "side": "sell", "seq": 352}
{"timestamp_ns": 1755306060000000000, "symbol": "SOLUSDT", "type": "trade", "price": 187.21, "volume": 867.905, "side": "sell", "seq": 353}
{"timestamp_ns": 1755306120000000000, "symbol": "SOLUSDT", "type": "trade", "price": 187.28, "volume": 1333.327, "side": "sell", "seq": 354}
{"timestamp_ns": 1755306180000000000, "symbol": "SOLUSDT", "type": "trade", "price": 187.17, "volume": 752.012, "side": "sell", "seq": 355}
{"timestamp_ns": 1755306240000000000, "symbol": "SOLUSDT", "type": "trade", "price": 187.2, "volume": 1884.216, "side": "sell", "seq": 356}
{"timestamp_ns": 1755306300000000000, "symbol": "SOLUSDT", "type": "trade", "price": 187.04, "volume": 1159.124, "side": "sell", "seq": 357}
{"timestamp_ns": 1755306360000000000, "symbol": "SOLUSDT", "type": "trade", "price": 186.73, "volume": 4074.623, "side": "buy", "seq": 358}
{"timestamp_ns": 1755306420000000000, "symbol": "SOLUSDT", "type": "trade", "price": 186.91, "volume": 1893.33, "side": "sell", "seq": 359}
{"timestamp_ns": 1755306480000000000, "symbol": "SOLUSDT", "type": "trade", "price": 186.84, "volume": 547.584, "side": "buy", "seq": 360}
{"timestamp_ns": 1755306480000999936, "symbol": "SOLUSDT", "type": "orderbook", "bids": [[186.8399, 100.0], [186.8398, 200.0]], "asks": [[186.8401, 100.0], [186.8402, 200.0]], "seq": 1000360}
{"timestamp_ns": 1755306540000000000, "symbol": "SOLUSDT", "type": "trade", "price": 186.96, "volume": 572.566, "side": "sell", "seq": 361}
{"timestamp_ns": 1755306600000000000, "symbol": "SOLUSDT", "type": "trade", "price": 186.86, "volume": 1062.276, "side": "sell", "seq": 362}
{"timestamp_ns": 1755306660000000000, "symbol": "SOLUSDT", "type": "trade", "price": 186.82, "volume": 1226.033, "side": "buy", "seq": 363}
{"timestamp_ns": 1755306720000000000, "symbol": "SOLUSDT", "type": "trade", "price": 186.73, "volume": 947.816, "side": "buy", "seq": 364}
{"timestamp_ns": 1755306780000000000, "symbol": "SOLUSDT", "type": "trade", "price": 187.52, "volume": 2741.047, "side": "sell", "seq": 365}
{"timestamp_ns": 1755306840000000000, "symbol": "SOLUSDT", "type": "trade", "price": 187.41, "volume": 1384.415, "side": "sell", "seq": 366}
{"timestamp_ns": 1755306900000000000, "symbol": "SOLUSDT", "type": "trade", "price": 187.33, "volume": 970.85, "side": "buy", "seq": 367}
{"timestamp_ns": 1755306960000000000, "symbol": "SOLUSDT", "type": "trade", "price": 187.12, "volume": 1096.077, "side": "buy", "seq": 368}
{"timestamp_ns": 1755307020000000000, "symbol": "SOLUSDT", "type": "trade", "price": 187.01, "volume": 6334.6, "side": "sell", "seq": 369}
{"timestamp_ns": 1755307080000000000, "symbol": "SOLUSDT", "type": "trade", "price": 186.99, "volume": 501.3, "side": "sell", "seq": 370}
{"timestamp_ns": 1755307080000999936, "symbol": "SOLUSDT", "type": "orderbook", "bids": [[186.9899, 100.0], [186.9898, 200.0]], "asks": [[186.9901, 100.0], [186.99020000000002, 200.0]], "seq": 1000370}
{"timestamp_ns": 1755307140000000000, "symbol": "SOLUSDT", "type": "trade", "price": 186.72, "volume": 1610.142, "side": "sell", "seq": 371}
{"timestamp_ns": 1755307200000000000, "symbol": "SOLUSDT", "type": "trade", "price": 186.8, "volume": 1724.118, "side": "buy", "seq": 372}
{"timestamp_ns": 1755307260000000000, "symbol": "SOLUSDT", "type": "trade", "price": 186.63, "volume": 1424.309, "side": "sell", "seq": 373}
{"timestamp_ns": 1755307320000000000, "symbol": "SOLUSDT", "type": "trade", "price": 186.67, "volume": 2018.979, "side": "buy", "seq": 374}
{"timestamp_ns": 1755307380000000000, "symbol": "SOLUSDT", "type": "trade", "price": 186.56, "volume": 1330.176, "side": "sell", "seq": 375}
{"timestamp_ns": 1755307440000000000, "symbol": "SOLUSDT", "type": "trade", "price": 186.78, "volume": 3371.879, "side": "buy", "seq": 376}
{"timestamp_ns": 1755307500000000000, "symbol": "SOLUSDT", "type": "trade", "price": 187.08, "volume": 1815.292, "side": "buy", "seq": 377}
{"timestamp_ns": 1755307560000000000, "symbol": "SOLUSDT", "type": "trade", "price": 186.93, "volume": 966.202, "side": "buy", "seq": 378}
{"timestamp_ns": 1755307620000000000, "symbol": "SOLUSDT", "type": "trade", "price": 187.14, "volume": 427.572, "side": "buy", "seq": 379}
{"timestamp_ns": 1755307680000000000, "symbol": "SOLUSDT", "type": "trade", "price": 186.96, "volume": 409.813, "side": "buy", "seq": 380}
{"timestamp_ns": 1755307680000999936, "symbol": "SOLUSDT", "type": "orderbook", "bids": [[186.9599, 100.0], [186.9598, 200.0]], "asks": [[186.9601, 100.0], [186.96020000000001, 200.0]], "seq": 1000380}
{"timestamp_ns": 1755307740000000000, "symbol": "SOLUSDT", "type": "trade", "price": 186.96, "volume": 535.464, "side": "sell", "seq": 381}
{"timestamp_ns": 1755307800000000000, "symbol": "SOLUSDT", "type": "trade", "price": 187.08, "volume": 1344.221, "side": "sell", "seq": 382}
{"timestamp_ns": 1755307860000000000, "symbol": "SOLUSDT", "type": "trade", "price": 187.06, "volume": 4140.762, "side": "buy", "seq": 383}
{"timestamp_ns": 1755307920000000000, "symbol": "SOLUSDT", "type": "trade", "price": 187.16, "volume": 1865.556, "side": "buy", "seq": 384}
{"timestamp_ns": 1755307980000000000, "symbol": "SOLUSDT", "type": "trade", "price": 187.11, "volume": 1278.732, "side": "sell", "seq": 385}
{"timestamp_ns": 1755308040000000000, "symbol": "SOLUSDT", "type": "trade", "price": 187.36, "volume": 1412.362, "side": "sell", "seq": 386}
{"timestamp_ns": 1755308100000000000, "symbol": "SOLUSDT", "type": "trade", "price": 187.45, "volume": 1939.478, "side": "sell", "seq": 387}
{"timestamp_ns": 1755308160000000000, "symbol": "SOLUSDT", "type": "trade", "price": 187.64, "volume": 698.126, "side": "buy", "seq": 388}
{"timestamp_ns": 1755308220000000000, "symbol": "SOLUSDT", "type": "trade", "price": 187.72, "volume": 1067.633, "side": "sell", "seq": 389}
{"timestamp_ns": 1755308280000000000, "symbol": "SOLUSDT", "type": "trade", "price": 187.65, "volume": 1366.115, "side": "sell", "seq": 390}
{"timestamp_ns": 1755308280000999936, "symbol": "SOLUSDT", "type": "orderbook", "bids": [[187.6499, 100.0], [187.6498, 200.0]], "asks": [[187.6501, 100.0], [187.6502, 200.0]], "seq": 1000390}
{"timestamp_ns": 1755308340000000000, "symbol": "SOLUSDT", "type": "trade", "price": 187.67, "volume": 714.349, "side": "sell", "seq": 391}
{"timestamp_ns": 1755308400000000000, "symbol": "SOLUSDT", "type": "trade", "price": 187.74, "volume": 3749.154, "side": "buy", "seq": 392}
{"timestamp_ns": 1755308460000000000, "symbol": "SOLUSDT", "type": "trade", "price": 187.61, "volume": 1691.206, "side": "sell", "seq": 393}
{"timestamp_ns": 1755308520000000000, "symbol": "SOLUSDT", "type": "trade", "price": 187.58, "volume": 1379.35, "side": "sell", "seq": 394}
{"timestamp_ns": 1755308580000000000, "symbol": "SOLUSDT", "type": "trade", "price": 187.66, "volume": 910.84, "side": "buy", "seq": 395}
{"timestamp_ns": 1755308640000000000, "symbol": "SOLUSDT", "type": "trade", "price": 187.75, "volume": 1145.47, "side": "sell", "seq": 396}
{"timestamp_ns": 1755308700000000000, "symbol": "SOLUSDT", "type": "trade", "price": 187.76, "volume": 768.612, "side": "buy", "seq": 397}
{"timestamp_ns": 1755308760000000000, "symbol": "SOLUSDT", "type": "trade", "price": 187.64, "volume": 1305.947, "side": "buy", "seq": 398}
{"timestamp_ns": 1755308820000000000, "symbol": "SOLUSDT", "type": "trade", "price": 187.91, "volume": 1158.115, "side": "buy", "seq": 399}
{"timestamp_ns": 1755308880000000000, "symbol": "SOLUSDT", "type": "trade", "price": 188.03, "volume": 1514.094, "side": "buy", "seq": 400}
{"timestamp_ns": 1755308880000999936, "symbol": "SOLUSDT", "type": "orderbook", "bids": [[188.0299, 100.0], [188.0298, 200.0]], "asks": [[188.0301, 100.0], [188.0302, 200.0]], "seq": 1000400}
{"timestamp_ns": 1755308940000000000, "symbol": "SOLUSDT", "type": "trade", "price": 188.04, "volume": 1202.063, "side": "sell", "seq": 401}
{"timestamp_ns": 1755309000000000000, "symbol": "SOLUSDT", "type": "trade", "price": 188.02, "volume": 1409.76, "side": "sell", "seq": 402}
{"timestamp_ns": 1755309060000000000, "symbol": "SOLUSDT", "type": "trade", "price": 187.95, "volume": 3266.663, "side": "buy", "seq": 403}
{"timestamp_ns": 1755309120000000000, "symbol": "SOLUSDT", "type": "trade", "price": 187.98, "volume": 2037.796, "side": "buy", "seq": 404}
{"timestamp_ns": 1755309180000000000, "symbol": "SOLUSDT", "type": "trade", "price": 188.14, "volume": 1097.634, "side": "buy", "seq": 405}
{"timestamp_ns": 1755309240000000000, "symbol": "SOLUSDT", "type": "trade", "price": 187.91, "volume": 3169.263, "side": "sell", "seq": 406}
{"timestamp_ns": 1755309300000000000, "symbol": "SOLUSDT", "type": "trade", "price": 188.03, "volume": 2328.515, "side": "buy", "seq": 407}
{"timestamp_ns": 1755309360000000000, "symbol": "SOLUSDT", "type": "trade", "price": 187.91, "volume": 571.614, "side": "buy", "seq": 408}
{"timestamp_ns": 1755309420000000000, "symbol": "SOLUSDT", "type": "trade", "price": 187.81, "volume": 870.23, "side": "buy", "seq": 409}
{"timestamp_ns": 1755309480000000000, "symbol": "SOLUSDT", "type": "trade", "price": 187.9, "volume": 1150.746, "side": "buy", "seq": 410}
{"timestamp_ns": 1755309480000999936, "symbol": "SOLUSDT", "type": "orderbook", "bids": [[187.8999, 100.0], [187.8998, 200.0]], "asks": [[187.9001, 100.0], [187.9002, 200.0]], "seq": 1000410}
{"timestamp_ns": 1755309540000000000, "symbol": "SOLUSDT", "type": "trade", "price": 187.93, "volume": 12135.476, "side": "buy", "seq": 411}
{"timestamp_ns": 1755309600000000000, "symbol": "SOLUSDT", "type": "trade", "price": 187.77, "volume": 11172.79, "side": "buy", "seq": 412}
{"timestamp_ns": 1755309660000000000, "symbol": "SOLUSDT", "type": "trade", "price": 187.84, "volume": 4935.965, "side": "sell", "seq": 413}
{"timestamp_ns": 1755309720000000000, "symbol": "SOLUSDT", "type": "trade", "price": 188.09, "volume": 2536.963, "side": "buy", "seq": 414}
{"timestamp_ns": 1755309780000000000, "symbol": "SOLUSDT", "type": "trade", "price": 187.97, "volume": 3144.176, "side": "buy", "seq": 415}
{"timestamp_ns": 1755309840000000000, "symbol": "SOLUSDT", "type": "trade", "price": 187.55, "volume": 2354.425, "side": "buy", "seq": 416}
{"timestamp_ns": 1755309900000000000, "symbol": "SOLUSDT", "type": "trade", "price": 187.41, "volume": 3052.086, "side": "buy", "seq": 417}
{"timestamp_ns": 1755309960000000000, "symbol": "SOLUSDT", "type": "trade", "price": 187.29, "volume": 1011.124, "side": "buy", "seq": 418}
{"timestamp_ns": 1755310020000000000, "symbol": "SOLUSDT", "type": "trade", "price": 187.64, "volume": 1999.458, "side": "buy", "seq": 419}
{"timestamp_ns": 1755310080000000000, "symbol": "SOLUSDT", "type": "trade", "price": 187.5, "volume": 1180.947, "side": "sell", "seq": 420}
{"timestamp_ns": 1755310080000999936, "symbol": "SOLUSDT", "type": "orderbook", "bids": [[187.4999, 100.0], [187.4998, 200.0]], "asks": [[187.5001, 100.0], [187.5002, 200.0]], "seq": 1000420}
{"timestamp_ns": 1755310140000000000, "symbol": "SOLUSDT", "type": "trade", "price": 187.66, "volume": 1655.625, "side": "sell", "seq": 421}
{"timestamp_ns": 1755310200000000000, "symbol": "SOLUSDT", "type": "trade", "price": 187.65, "volume": 5793.185, "side": "buy", "seq": 422}
{"timestamp_ns": 1755310260000000000, "symbol": "SOLUSDT", "type": "trade", "price": 187.77, "volume": 1512.376, "side": "buy", "seq": 423}
{"timestamp_ns": 1755310320000000000, "symbol": "SOLUSDT", "type": "trade", "price": 187.89, "volume": 674.686, "side": "buy", "seq": 424}
{"timestamp_ns": 1755310380000000000, "symbol": "SOLUSDT", "type": "trade", "price": 187.74, "volume": 11140.2, "side": "buy", "seq": 425}
{"timestamp_ns": 1755310440000000000, "symbol": "SOLUSDT", "type": "trade", "price": 187.72, "volume": 1274.173, "side": "buy", "seq": 426}
{"timestamp_ns": 1755310500000000000, "symbol": "SOLUSDT", "type": "trade", "price": 187.56, "volume": 1294.506, "side": "sell", "seq": 427}
{"timestamp_ns": 1755310560000000000, "symbol": "SOLUSDT", "type": "trade", "price": 187.59, "volume": 1328.26, "side": "sell", "seq": 428}
{"timestamp_ns": 1755310620000000000, "symbol": "SOLUSDT", "type": "trade", "price": 187.81, "volume": 426.169, "side": "sell", "seq": 429}
{"timestamp_ns": 1755310680000000000, "symbol": "SOLUSDT", "type": "trade", "price": 187.81, "volume": 868.232, "side": "sell", "seq": 430}
{"timestamp_ns": 1755310680000999936, "symbol": "SOLUSDT", "type": "orderbook", "bids": [[187.8099, 100.0], [187.8098, 200.0]], "asks": [[187.8101, 100.0], [187.8102, 200.0]], "seq": 1000430}
{"timestamp_ns": 1755310740000000000, "symbol": "SOLUSDT", "type": "trade", "price": 187.8, "volume": 323.922, "side": "sell", "seq": 431}
{"timestamp_ns": 1755310800000000000, "symbol": "SOLUSDT", "type": "trade", "price": 187.71, "volume": 906.979, "side": "sell", "seq": 432}
{"timestamp_ns": 1755310860000000000, "symbol": "SOLUSDT", "type": "trade", "price": 187.75, "volume": 796.253, "side": "sell", "seq": 433}
{"timestamp_ns": 1755310920000000000, "symbol": "SOLUSDT", "type": "trade", "price": 187.52, "volume": 1006.961, "side": "sell", "seq": 434}
{"timestamp_ns": 1755310980000000000, "symbol": "SOLUSDT", "type": "trade", "price": 187.33, "volume": 868.072, "side": "buy", "seq": 435}
{"timestamp_ns": 1755311040000000000, "symbol": "SOLUSDT", "type": "trade", "price": 187.31, "volume": 1220.308, "side": "buy", "seq": 436}
{"timestamp_ns": 1755311100000000000, "symbol": "SOLUSDT", "type": "trade", "price": 187.43, "volume": 1615.492, "side": "sell", "seq": 437}
{"timestamp_ns": 1755311160000000000, "symbol": "SOLUSDT", "type": "trade", "price": 187.5, "volume": 1398.684, "side": "sell", "seq": 438}
{"timestamp_ns": 1755311220000000000, "symbol": "SOLUSDT", "type": "trade", "price": 187.31, "volume": 796.727, "side": "sell", "seq": 439}
{"timestamp_ns": 1755311280000000000, "symbol": "SOLUSDT", "type": "trade", "price": 187.44, "volume": 648.731, "side": "buy", "seq": 440}
{"timestamp_ns": 1755311280000999936, "symbol": "SOLUSDT", "type": "orderbook", "bids": [[187.4399, 100.0], [187.4398, 200.0]], "asks": [[187.4401, 100.0], [187.4402, 200.0]], "seq": 1000440}
{"timestamp_ns": 1755311340000000000, "symbol": "SOLUSDT", "type": "trade", "price": 187.39, "volume": 506.255, "side": "buy", "seq": 441}
{"timestamp_ns": 1755311400000000000, "symbol": "SOLUSDT", "type": "trade", "price": 187.25, "volume": 955.153, "side": "sell", "seq": 442}
{"timestamp_ns": 1755311460000000000, "symbol": "SOLUSDT", "type": "trade", "price": 187.07, "volume": 3852.375, "side": "sell", "seq": 443}
{"timestamp_ns": 1755311520000000000, "symbol": "SOLUSDT", "type": "trade", "price": 187.32, "volume": 1500.396, "side": "buy", "seq": 444}
{"timestamp_ns": 1755311580000000000, "symbol": "SOLUSDT", "type": "trade", "price": 187.54, "volume": 1342.705, "side": "buy", "seq": 445}
{"timestamp_ns": 1755311640000000000, "symbol": "SOLUSDT", "type": "trade", "price": 187.56, "volume": 1339.816, "side": "buy", "seq": 446}
{"timestamp_ns": 1755311700000000000, "symbol": "SOLUSDT", "type": "trade", "price": 187.28, "volume": 1404.794, "side": "buy", "seq": 447}
{"timestamp_ns": 1755311760000000000, "symbol": "SOLUSDT", "type": "trade", "price": 187.37, "volume": 1077.199, "side": "buy", "seq": 448}
{"timestamp_ns": 1755311820000000000, "symbol": "SOLUSDT", "type": "trade", "price": 187.69, "volume": 1122.285, "side": "buy", "seq": 449}
{"timestamp_ns": 1755311880000000000, "symbol": "SOLUSDT", "type": "trade", "price": 187.64, "volume": 764.664, "side": "buy", "seq": 450}
{"timestamp_ns": 1755311880000999936, "symbol": "SOLUSDT", "type": "orderbook", "bids": [[187.63989999999998, 100.0], [187.63979999999998, 200.0]], "asks": [[187.6401, 100.0], [187.6402, 200.0]], "seq": 1000450}
{"timestamp_ns": 1755311940000000000, "symbol": "SOLUSDT", "type": "trade", "price": 187.32, "volume": 608.025, "side": "sell", "seq": 451}
{"timestamp_ns": 1755312000000000000, "symbol": "SOLUSDT", "type": "trade", "price": 187.13, "volume": 1550.246, "side": "buy", "seq": 452}
{"timestamp_ns": 1755312060000000000, "symbol": "SOLUSDT", "type": "trade", "price": 187.1, "volume": 1287.428, "side": "buy", "seq": 453}
{"timestamp_ns": 1755312120000000000, "symbol": "SOLUSDT", "type": "trade", "price": 187.28, "volume": 678.413, "side": "buy", "seq": 454}
{"timestamp_ns": 1755312180000000000, "symbol": "SOLUSDT", "type": "trade", "price": 187.19, "volume": 446.122, "side": "sell", "seq": 455}
{"timestamp_ns": 1755312240000000000, "symbol": "SOLUSDT", "type": "trade", "price": 187.15, "volume": 321.442, "side": "sell", "seq": 456}
{"timestamp_ns": 1755312300000000000, "symbol": "SOLUSDT", "type": "trade", "price": 187.32, "volume": 1031.652, "side": "sell", "seq": 457}
{"timestamp_ns": 1755312360000000000, "symbol": "SOLUSDT", "type": "trade", "price": 187.46, "volume": 1309.031, "side": "sell", "seq": 458}
{"timestamp_ns": 1755312420000000000, "symbol": "SOLUSDT", "type": "trade", "price": 187.19, "volume": 3075.477, "side": "buy", "seq": 459}
{"timestamp_ns": 1755312480000000000, "symbol": "SOLUSDT", "type": "trade", "price": 187.55, "volume": 1824.613, "side": "sell", "seq": 460}
{"timestamp_ns": 1755312480000999936, "symbol": "SOLUSDT", "type": "orderbook", "bids": [[187.5499, 100.0], [187.5498, 200.0]], "asks": [[187.55010000000001, 100.0], [187.55020000000002, 200.0]], "seq": 1000460}
{"timestamp_ns": 1755312540000000000, "symbol": "SOLUSDT", "type": "trade", "price": 187.32, "volume": 1224.385, "side": "buy", "seq": 461}
{"timestamp_ns": 1755312600000000000, "symbol": "SOLUSDT", "type": "trade", "price": 187.0, "volume": 2353.16, "side": "buy", "seq": 462}
{"timestamp_ns": 1755312660000000000, "symbol": "SOLUSDT", "type": "trade", "price": 187.23, "volume": 3906.217, "side": "sell", "seq": 463}
{"timestamp_ns": 1755312720000000000, "symbol": "SOLUSDT", "type": "trade", "price": 187.15, "volume": 2510.294, "side": "buy", "seq": 464}
{"timestamp_ns": 1755312780000000000, "symbol": "SOLUSDT", "type": "trade", "price": 186.91, "volume": 16795.558, "side": "buy", "seq": 465}
{"timestamp_ns": 1755312840000000000, "symbol": "SOLUSDT", "type": "trade", "price": 186.99, "volume": 3139.367, "side": "sell", "seq": 466}
{"timestamp_ns": 1755312900000000000, "symbol": "SOLUSDT", "type": "trade", "price": 187.01, "volume": 793.063, "side": "buy", "seq": 467}
{"timestamp_ns": 1755312960000000000, "symbol": "SOLUSDT", "type": "trade", "price": 186.95, "volume": 3470.401, "side": "buy", "seq": 468}
{"timestamp_ns": 1755313020000000000, "symbol": "SOLUSDT", "type": "trade", "price": 187.06, "volume": 3206.659, "side": "buy", "seq": 469}
{"timestamp_ns": 1755313080000000000, "symbol": "SOLUSDT", "type": "trade", "price": 186.93, "volume": 569.607, "side": "sell", "seq": 470}
{"timestamp_ns": 1755313080000999936, "symbol": "SOLUSDT", "type": "orderbook", "bids": [[186.9299, 100.0], [186.9298, 200.0]], "asks": [[186.9301, 100.0], [186.9302, 200.0]], "seq": 1000470}
{"timestamp_ns": 1755313140000000000, "symbol": "SOLUSDT", "type": "trade", "price": 186.88, "volume": 907.813, "side": "buy", "seq": 471}
{"timestamp_ns": 1755313200000000000, "symbol": "SOLUSDT", "type": "trade", "price": 187.01, "volume": 1486.343, "side": "sell", "seq": 472}
{"timestamp_ns": 1755313260000000000, "symbol": "SOLUSDT", "type": "trade", "price": 186.76, "volume": 2666.438, "side": "sell", "seq": 473}
{"timestamp_ns": 1755313320000000000, "symbol": "SOLUSDT", "type": "trade", "price": 187.12, "volume": 997.862, "side": "buy", "seq": 474}
{"timestamp_ns": 1755313380000000000, "symbol": "SOLUSDT", "type": "trade", "price": 187.26, "volume": 1305.572, "side": "sell", "seq": 475}
{"timestamp_ns": 1755313440000000000, "symbol": "SOLUSDT", "type": "trade", "price": 187.5, "volume": 1739.73, "side": "sell", "seq": 476}
{"timestamp_ns": 1755313500000000000, "symbol": "SOLUSDT", "type": "trade", "price": 187.74, "volume": 1766.684, "side": "buy", "seq": 477}
{"timestamp_ns": 1755313560000000000, "symbol": "SOLUSDT", "type": "trade", "price": 187.65, "volume": 610.342, "side": "sell", "seq": 478}
{"timestamp_ns": 1755313620000000000, "symbol": "SOLUSDT", "type": "trade", "price": 187.58, "volume": 507.315, "side": "sell", "seq": 479}
{"timestamp_ns": 1755313680000000000, "symbol": "SOLUSDT", "type": "trade", "price": 187.41, "volume": 312.848, "side": "buy", "seq": 480}
{"timestamp_ns": 1755313680000999936, "symbol": "SOLUSDT", "type": "orderbook", "bids": [[187.4099, 100.0], [187.4098, 200.0]], "asks": [[187.4101, 100.0], [187.4102, 200.0]], "seq": 1000480}
{"timestamp_ns": 1755313740000000000, "symbol": "SOLUSDT", "type": "trade", "price": 187.34, "volume": 1097.538, "side": "sell", "seq": 481}
{"timestamp_ns": 1755313800000000000, "symbol": "SOLUSDT", "type": "trade", "price": 187.45, "volume": 783.106, "side": "buy", "seq": 482}
{"timestamp_ns": 1755313860000000000, "symbol": "SOLUSDT", "type": "trade", "price": 187.66, "volume": 543.541, "side": "buy", "seq": 483}
{"timestamp_ns": 1755313920000000000, "symbol": "SOLUSDT", "type": "trade", "price": 187.69, "volume": 490.625, "side": "sell", "seq": 484}
{"timestamp_ns": 1755313980000000000, "symbol": "SOLUSDT", "type": "trade", "price": 187.78, "volume": 290.921, "side": "sell", "seq": 485}
{"timestamp_ns": 1755314040000000000, "symbol": "SOLUSDT", "type": "trade", "price": 187.71, "volume": 473.101, "side": "sell", "seq": 486}
{"timestamp_ns": 1755314100000000000, "symbol": "SOLUSDT", "type": "trade", "price": 187.66, "volume": 1724.268, "side": "sell", "seq": 487}
{"timestamp_ns": 1755314160000000000, "symbol": "SOLUSDT", "type": "trade", "price": 187.47, "volume": 1281.42, "side": "buy", "seq": 488}
{"timestamp_ns": 1755314220000000000, "symbol": "SOLUSDT", "type": "trade", "price": 187.36, "volume": 1113.385, "side": "buy", "seq": 489}
{"timestamp_ns": 1755314280000000000, "symbol": "SOLUSDT", "type": "trade", "price": 187.43, "volume": 664.168, "side": "sell", "seq": 490}
{"timestamp_ns": 1755314280000999936, "symbol": "SOLUSDT", "type": "orderbook", "bids": [[187.4299, 100.0], [187.4298, 200.0]], "asks": [[187.4301, 100.0], [187.4302, 200.0]], "seq": 1000490}
{"timestamp_ns": 1755314340000000000, "symbol": "SOLUSDT", "type": "trade", "price": 187.47, "volume": 220.587, "side": "sell", "seq": 491}
{"timestamp_ns": 1755314400000000000, "symbol": "SOLUSDT", "type": "trade", "price": 187.64, "volume": 592.959, "side": "buy", "seq": 492}
{"timestamp_ns": 1755314460000000000, "symbol": "SOLUSDT", "type": "trade", "price": 187.68, "volume": 377.171, "side": "sell", "seq": 493}
{"timestamp_ns": 1755314520000000000, "symbol": "SOLUSDT", "type": "trade", "price": 187.83, "volume": 225.936, "side": "buy", "seq": 494}
{"timestamp_ns": 1755314580000000000, "symbol": "SOLUSDT", "type": "trade", "price": 188.21, "volume": 33916.06, "side": "buy", "seq": 495}
{"timestamp_ns": 1755314640000000000, "symbol": "SOLUSDT", "type": "trade", "price": 188.24, "volume": 7266.552, "side": "sell", "seq": 496}
{"timestamp_ns": 1755314700000000000, "symbol": "SOLUSDT", "type": "trade", "price": 188.13, "volume": 1743.414, "side": "buy", "seq": 497}
{"timestamp_ns": 1755314760000000000, "symbol": "SOLUSDT", "type": "trade", "price": 188.26, "volume": 718.825, "side": "sell", "seq": 498}
{"timestamp_ns": 1755314820000000000, "symbol": "SOLUSDT", "type": "trade", "price": 188.3, "volume": 1268.244, "side": "sell", "seq": 499}
